2692 4168
379 224 440 288 DE
467 224 610 290 FALSA
638 225 902 294 LEGATIONE.
1047 235 1107 300 101

172 383 226 448 καὶ
250 383 471 468 θορυβούντων
493 387 587 449 τινῶν
609 383 663 448 καὶ
686 383 876 450 κελευόντων
896 383 1038 467 βαδίζειν
1055 389 1111 456 ούκ

171 485 211 551 ἅν
236 485 315 572 ἔφην
340 485 506 551 ἀπελθεῖν·
532 484 621 555 οὗτος
644 485 671 550 δ’
697 485 957 572 ἐκεχειροτόνητο.
1003 489 1110 572 ἐπειδὴ

171 587 206 652 δὲ
226 584 343 668 ἀνέστη
360 587 442 669 μετὰ
460 587 550 654 ταῦθ’
570 587 589 668 ἦ
611 588 774 668 ἐκκλησία,
794 589 998 661 συνελθόντες
1013 592 1107 671 ἐβου-

168 689 290 755 λεύονθ’
311 690 398 757 οὗτοι
417 691 475 756 τίν’
495 691 590 759 αὐτοῦ
609 691 872 779 καταλείψουσιν.
908 693 956 760 ἐτι
969 695 1031 780 γὰρ
1046 703 1109 765 τῶν

169 793 366 877 πραγμάτων
380 793 480 860 ὄντων
489 795 652 880 μετεώρων
662 796 716 862 καὶ
726 799 782 861 τοῦ
793 792 966 878 μέλλοντος
978 795 1106 880 ἀδήλου,

169 894 326 978 σύλλογοι
340 896 394 961 καὶ
407 896 499 978 λόγοι
513 896 712 963 παντοδαποὶ
727 898 808 962 κατὰ
822 897 878 978 τὴν
892 895 1010 980 ἀγορὰν
1024 899 1107 982 ἐγίγ-

168 1023 257 1062 νοντο
283 996 365 1063 τότε·
408 999 584 1084 ἐφοβοῦντο
611 998 648 1080 δὴ
672 997 716 1082 μὴ
742 998 921 1082 σύγκλητος
949 1000 1105 1079 ἐκκλησία

166 1096 288 1179 γένοιτο
309 1099 466 1184 ἐξαίφνης,
488 1097 556 1164 εἶτα
575 1097 766 1171 ἀκούσαντες

107 1223 110 1230 ⁴
166 1197 376 1284 ψηφίσαισθέ
389 1225 422 1264 τι
437 1202 500 1265 τῶν
514 1198 645 1264 δεόντων
662 1199 742 1285 ύπέρ
761 1204 823 1266 τῶν
839 1201 983 1280 Φωκέων,
997 1201 1051 1268 καὶ
1065 1201 1107 1269 τὰ

166 1299 329 1383 πράγματ’
346 1301 477 1386 ἐκφύγοι
490 1301 545 1366 τὸν
559 1302 735 1368 Φιλιππου.
772 1301 801 1367 εἰ
816 1302 878 1389 γὰρ
895 1302 1105 1388 ἐψηφίσασθε
1120 1327 1154 1366 12
1158 1329 1175 1384 3

165 1399 261 1480 μόνον
280 1400 286 1488 Ι
304 1403 358 1466 καὶ
376 1402 492 1488 μικρὰν
510 1401 682 1488 ὑπεφήνατ’
698 1402 816 1468 ἐλπίδα
834 1402 977 1484 ἡντινοῦν
990 1402 1103 1485 αύτοῖς,
1118 1416 1181 1484 379

166 1502 336 1584 ἐσώθησαν
357 1503 407 1570 ἀν.
444 1502 479 1570 ού
500 1503 562 1590 γὰρ
585 1505 656 1584 ε’νῆν
677 1503 733 1569 ούκ
753 1504 825 1585 ἐνῆν
843 1504 886 1587 μὴ
901 1532 1104 1594 παρακρουσ-

166 1605 283 1672 θέντων
296 1605 382 1688 ύμῶν
395 1611 500 1689 μεῖναι
516 1608 686 1692 Φιλίππῳ·
709 1607 780 1672 οὔτε
799 1607 861 1695 γὰρ
878 1613 967 1680 σῖτος
985 1612 1056 1693 ε’νῆν
1070 1614 1104 1678 ἐν

165 1714 203 1793 τῇ
223 1709 325 1798 χώρᾳ,
345 1707 478 1798 ἀσπόρῳ
503 1709 555 1776 διὰ
577 1710 631 1776 τὸν
652 1708 794 1794 πόλεμον
814 1713 971 1802 γεγονυίᾳ,
995 1713 1059 1780 οὔθ’
1080 1713 1100 1796 ἡ

164 1812 367 1895 σιτοπομπία
400 1811 515 1894 δυνατὴ
551 1812 688 1899 τριήρων
719 1811 822 1878 ούσῶν
855 1813 1010 1900 ὑμετέρων
1040 1817 1104 1882 ἐκεῖ

164 1915 217 1980 καὶ
246 1918 303 1996 τῆς
326 1914 487 1996 θαλάττης
509 1919 700 2002 κρατουσῶν,
724 1915 762 1982 οἵ
783 1943 818 1982 τε
846 1917 954 1987 πόλεις
979 1919 1102 1985 πολλοὶ

163 2016 217 2080 καὶ
241 2017 387 2103 χαλεπαί
409 2020 525 2095 λαβεῖν
550 2017 669 2083 αἰτῶν
695 2018 837 2098 Φωκέων,
863 2017 969 2126 pff
997 2019 1101 2109 χρόνῳ
1159 2015 1254 2110 wi*

209 2199 297 2260 §led
330 2203 430 2264 γένηται
450 2200 475 2249 k.
489 2215 510 2251 e.
521 2201 566 2254 A1.
602 2205 742 2267 ψηφίσησθε
761 2204 791 2254 Y.
810 2203 840 2265 Q.
864 2169 1012 2268 ψηφίσάισθε
1027 2204 1056 2254 F.
1068 2205 1099 2254 Β.

162 2279 305 2377 ψηφίσόσθε
325 2316 354 2365 0.
386 2317 527 2420 γηφίσεσθε
547 2317 572 2366 k.
580 2331 630 2368 m.
659 2320 849 2381 ἐπιψηφίσαισίίε
866 2322 909 2368 affl.
941 2318 978 2383 (ei
993 2317 1097 2385 Rnisx.)

161 2431 255 2492 ἐκφύγῃ
262 2431 304 2481 δ”.
322 2432 434 2492 ἐκφενγοι
442 2429 473 2478 Y.
498 2429 612 2493 ἐκφεύγοι
622 2431 647 2482 S.
661 2433 697 2492 (et
707 2431 755 2480 En.
768 2431 973 2495 Tumo.Vonn.).
997 2434 1099 2494 γίνηται

161 2497 304 2556 ψηφίσησθε
314 2497 340 2542 et
351 2494 446 2557 ἐκφύγῃ
455 2493 526 2543 houd
535 2498 630 2544 temere
638 2495 814 2554 cotemnenda,
822 2497 943 2557 quoniam
954 2500 1012 2559 poet
1022 2498 1099 2546 verbe

158 2560 285 2606 minandi
303 2559 422 2620 usurpari
437 2558 501 2606 solet
523 2561 809 2620 οοιηιιαοιίυυε.-οὐκ
828 2564 883 2622 ἐνῆν
899 2561 928 2610 in
941 2579 981 2625 γρ.
1001 2561 1026 2612 S.
1044 2576 1094 2611 om.

158 2621 209 2670 En.
222 2622 457 2683 Τεκτα--μεῖνσι
470 2641 495 2672 τι
509 2625 536 2672 Φ.
557 2624 587 2674 F.
597 2625 627 2672 Y.
635 2625 665 2685 Q.
677 2624 707 2673 Ο.
718 2639 738 2673 r.
750 2627 770 2673 i.
777 2639 803 2673 n.
810 2640 834 2674 v.
852 2625 919 2686 qnod
936 2627 982 2682 eei,
998 2625 1096 2687 opinor,

158 2707 237 2778 μεῖναι
248 2692 319 2766 iro}
334 2719 369 2754 eo.
385 2691 480 2767 posti
494 2705 598 2754 omisso.
631 2708 707 2764 μεῖναι
725 2708 761 2755 ln
779 2705 870 2755 Rinen.
888 2705 955 2767 quod
973 2720 1027 2753 non
1045 2705 1095 2755 die·

157 2770 294 2894 Phogtssd.
322 2831 352 2894 ἦν
363 2833 389 2884 S.
397 2834 426 2884 Y.
437 2834 463 2883 k.
472 2833 550 2887 A1.B.
559 2834 642 2882 Bm
654 2835 690 2896 [ei
702 2835 744 2894 ei]
756 2833 805 2883 En.
820 2832 1094 2883 Tun1c.D1nn.Vonn.

159 2897 347 2959 Quidinvulg.
359 2897 499 2960 displiceat,
510 2912 553 2948 me
566 2898 641 2958 fugit.
674 2898 734 2946 Mox
746 2897 842 2947 δύναται
854 2898 880 2948 S·
908 2897 1009 2960 τριηρῶν
1026 2897 1056 2946 F.
1068 2897 1093 2948 Β.

158 3081 233 3116 sense
256 3066 284 3115 oi
298 3065 344 3114 ihe
366 3063 435 3114 word
451 3076 492 3112 see
508 3077 534 3124 p.
553 3062 601 3112 396
650 3060 746 3110 behind
757 3074 791 3108 on
802 3058 845 3107 ihe
855 3057 936 3119 spot?
946 3059 973 3106 ei
983 3057 1090 3120 Athene,

157 3129 507 3192 ς194,-ἐκεχειροτόνητο]
531 3127 600 3175 “Ι)ο-
649 3126 697 3174 vin.
721 3127 749 3172 io
766 3125 913 3172 counieraot
931 3137 981 3184 any
999 3123 1092 3172 adven-

157 3197 239 3245 leetns
255 3195 309 3257 inm
328 3196 427 3243 iuerat:
442 3193 483 3242 vel
508 3205 600 3253 pessus
649 3187 800 3250 ingewhieh
812 3185 997 3254 Demosthenes
1011 3187 1092 3248 might

156 3260 242 3310 iuerat
254 3274 281 3308 ee
292 3258 377 3320 deligi,
383 3257 422 3306 nil
432 3257 599 3312 recusaverat,
648 3255 709 3302 take
723 3253 750 3301 οί
765 3250 838 3300 them
857 3250 950 3312 during
967 3251 1034 3300 their
1049 3252 1092 3301 ab·

157 3324 296 3385 quominus
318 3322 476 3384 deligeretur.
512 3319 601 3370 Senior
649 3331 732 3368 oenoe.

156 3388 227 3437 enim
235 3386 375 3436 Aeschines
384 3383 600 3435 oratorenoetr0”
681 3382 766 3443 5134.
802 3381 937 3442 σύγκλητος
965 3381 1091 3443 ἐκκλησία]

155 3453 249 3502 Bnmx.
283 3452 358 3500 Iam
374 3452 421 3498 noi
440 3463 498 3498 eure
512 3447 600 3496 thail
648 3446 689 3495 An
715 3443 905 3507 extraordinnry
927 3445 1052 3506 assembly
1070 3445 1090 3507 )(

154 3515 316 3566 understand
333 3515 388 3564 this
405 3516 474 3562 note.
507 3513 599 3561 Trans·
649 3514 725 3571 κύριαι
744 3511 875 3568 ἐκκλησίαι.
911 3509 952 3557 On
967 3508 1012 3558 the
1028 3507 1090 3558 diffi-

153 3581 220 3629 lnie:
245 3586 261 3608 “
270 3579 400 3628 remained
415 3576 601 3627 elected.”—-
649 3575 719 3634 oulty
729 3573 872 3634 respecting
880 3573 925 3621 the
935 3575 1012 3623 latter
1023 3575 1089 3621 term

154 3643 201 3694 τίνί
211 3643 468 3706 αὖτοῦκαταλείψονσι]
481 3639 600 3689 “Whioh
649 3653 691 3690 see
702 3638 862 3687 Sohoemnnn
872 3636 903 3686 de
914 3637 1006 3686 Gomit.
1021 3651 1038 3684 1.
1052 3636 1073 3684 l.

156 3708 195 3774 (oi
204 3705 599 3772 themselvee)iheyehnlllenve
680 3703 737 3756 379.
760 3705 775 3764 ἕ
800 3702 854 3754 135.
890 3704 924 3764 μὴ
951 3700 978 3752 ου’
1000 3700 1090 3764 χρόνῳ]
