2644 4156
234 217 275 279 38
540 212 858 280 DEMOSTHENIS
929 309 932 318 ⁴

233 395 284 433 ναι
299 367 381 453 φησὶ
401 368 436 434 τί
454 367 494 435 ἂν
514 372 614 434 ποιῶν
634 369 816 456 χαρίσαιτο,
832 365 885 432 ἐὰν
904 365 930 432 δ’
946 363 1031 450 ὑμεῖς
1045 309 1170 448 >sileo-rs,

232 469 379 551 ποιήσειν
392 469 413 534 ἱὶ
426 469 498 553 μήτ’
514 469 671 560 αἰσχύνην
684 468 756 552 μήτ’
772 465 901 551 ἀδοξίαν
915 467 1000 555 αὐτῷ
1014 469 1109 554 φέρει,
1126 468 1172 539 είς

232 574 349 644 ταύτας
368 573 425 643 τὰς
443 574 620 659 προφάσεις
635 573 848 658 καταφεύγων,
864 571 924 636 κᾶν
938 569 1001 657 ἄρα
1015 571 1123 651 εἴπητέ
1137 597 1170 636 τι

34 681 108 752 ηηλ
127 669 171 704 ‘V
232 674 286 739 καὶ
305 674 483 761 προαχθῆθ’
499 673 584 756 ὑμεῖς
603 670 865 756 ἐπαγγειλοσθαι,
881 671 1085 759 ἀναχώρησιν
1099 673 1169 738 ἑαν-

49 751 152 898 ῆεᾸ
232 779 277 862 τῷ
291 777 498 839 καταλείπων.
610 763 663 776 ’-

181 917 218 968 42
297 882 405 945 Ταῦτα
430 880 533 945 τοίνυν
561 878 614 944 καὶ
636 875 733 942 πόλλ’
760 877 850 963 ἕτερα
865 877 946 974 ff
970 880 1167 964 παραχρῆμα
1182 899 1224 956 47

233 980 297 1047 τότ’
312 981 399 1052 εὐθὺς
419 981 598 1068 ἐξελέγχειν
617 981 670 1045 καὶ
685 978 844 1044 διδάσκειν
858 978 938 1061 ὑμᾶς
952 979 1005 1044 καὶ
1019 979 1062 1062 μῆ
1076 979 1168 1064 προέ-

123 1110 128 1119 ·
152 1083 213 1174 132²
234 1084 311 1148 σθαι
332 1081 373 1148 τὰ
391 1083 551 1168 πράγματ’
574 1084 636 1158 ε’ἂν,
662 1081 690 1146 εί
705 1080 749 1163 μὴ
767 1082 910 1145 Θεσπιαὶ
932 1080 985 1146 καὶ
1004 1080 1168 1146 Πλαταιαὶ

55 1147 75 1316 tp
89 1162 154 1246 (’ὃν
233 1186 287 1251 καὶ
308 1186 345 1250 τὸ
365 1186 528 1265 Θηβαίους
548 1181 662 1250 αὐτίκα
683 1183 721 1264 δῆ
739 1182 830 1264 μάλα
847 1182 960 1249 δώσειν
979 1183 1067 1262 δίκην
1081 1181 1167 1270 α’φεί·

234 1390 295 1456 ἔδει
314 1391 368 1455 καὶ
388 1391 617 1475 φενακισθῆναι
636 1388 694 1469 τῆν
711 1387 814 1465 πόλιν,
831 1386 927 1471 ὀρθῶς
942 1386 1077 1468 ἐλέγετο,
1094 1386 1169 1452 εἰδὲ

233 1492 418 1580 πραχθῆναι
445 1493 501 1577 τῷ
520 1491 594 1568 ὄντι,
620 1489 808 1554 σιωπᾶσθαι
835 1487 1014 1573 συνέφερεν.
1059 1487 1088 1552 εί
1111 1489 1170 1570 μὲν

233 1596 294 1681 γὰρ
323 1594 444 1661 ἐνταῦθ’
469 1593 508 1676 ῆν
534 1593 593 1676 ἤδη
619 1594 660 1659 τὰ
689 1593 864 1681 πράγματα
894 1591 976 1656 ὥστε
1002 1590 1074 1673 μηδ’
1098 1591 1168 1656 αίσ·

235 1695 374 1778 θομένοις
404 1701 468 1766 τοῖς
498 1680 654 1775 Θηβαίοις
682 1695 782 1760 πλέον
816 1691 894 1758 εἶναι
925 1691 1030 1773 μηδέν,
1066 1691 1099 1756 τί
1133 1691 1170 1756 οὐ

281 1899 345 1960 346.
378 1897 408 1946 οἲν
419 1898 474 1960 (pro
485 1899 535 1958 ἐὰν)
548 1897 574 1946 S.
587 1907 625 1947 ο·.
637 1895 679 1944 Al.
691 1897 739 1945 Eo.
752 1896 841 1945 Teme.
853 1897 931 1944 Dm».
944 1897 1029 1946 Vomr.
1041 1898 1125 1947 Bm.
1134 1901 1168 1950 st.

233 1963 313 2011 -δ
333 1962 359 2012 S.
371 1962 400 2010 Y.
413 1977 433 2010 s.
449 1962 499 2009 Ευ.
517 1962 606 2010 Teme.
621 1961 700 2008 Dmo.
719 1960 804 2008 Vomr.
822 1960 907 2008 Bm.
928 1963 969 2021 st,
989 1963 1072 2023 ploeet
1090 1963 1169 2012 etiem

236 2027 392 2076 Scmrrno.
427 2025 476 2074 Sed
487 2025 538 2073 elio
548 2027 587 2072 est
597 2025 663 2072 ratio
673 2028 716 2072 τοῦ
726 2026 742 2073 ὅ
751 2028 763 2083 ἕ
773 2026 814 2082 45,
825 2023 862 2072 ibi
876 2024 946 2072 enim
961 2027 1075 2086 sequitur
1090 2027 1167 2076 τοῦτο.

235 2090 301 2138 Mihi
311 2089 416 2151 quidem
426 2088 469 2136 hie
479 2089 586 2150 plureis
597 2090 670 2149 longe
686 2090 776 2136 melior
793 2087 900 2136 videtur.
933 2092 976 2150 ἵνα,
989 2090 1168 2142 κᾶν.,....κοτο-

234 2158 307 2214 λεὶτη
317 2155 384 2214 vulg.
397 2157 456 2201 ente
467 2153 550 2200 Besx.
563 2154 607 2213 qui
617 2152 678 2200 eod.
691 2153 717 2203 S.
729 2167 785 2213 egre
804 2153 809 2162 “
829 2167 854 2199 m
865 2151 1018 2213 scripturam
1028 2155 1149 2216 reposuit.

282 2223 295 2279 ξ
306 2220 346 2269 47.
379 2218 428 2266 Pro
438 2219 515 2277 μόνον,
523 2219 566 2276 μὲν
577 2218 603 2266 S.
614 2219 640 2264 et
652 2221 795 2278 φενακισθῆν
813 2236 821 2265 ι
830 2219 855 2264 δὲ
864 2219 919 2276 (pro
929 2221 969 2266 καί
976 2222 1014 2280 φ.)
1025 2219 1050 2268 S.
1060 2219 1085 2266 k.
1095 2234 1116 2266 s.
1125 2217 1166 2268 Al.

233 2282 302 2330 unde
320 2281 368 2330 Ed.
387 2281 477 2330 Tumc.
496 2283 532 2342 [et
551 2281 647 2342 λίθεοι]
665 2280 701 2330 sio
719 2281 784 2329 refin
811 2283 833 2328 t:
851 2285 872 2328 εί
886 2284 930 2340 μὲν
946 2284 1045 2331 ἀκοῦσαι
1061 2286 1105 2341 μὲν
1121 2286 1169 2332 ἔδει

235 2349 403 2408 φενακισθῆναι
419 2349 445 2396 δὲ
462 2349 507 2404 τὴν
521 2345 601 2394 πόλιν.
635 2345 685 2394 Sed
704 2345 764 2394 audi
803 2359 958 2393 emmenum
977 2347 1060 2395 sobrie
1081 2347 1168 2408 dispu-

234 2413 345 2459 tantem:
373 2409 532 2458 “Ver-letetis
553 2409 622 2470 origo
642 2424 695 2457 non
716 2412 754 2458 est
772 2409 885 2458 obscure.
919 2409 986 2458 Cum
1004 2411 1073 2459 enim
1091 2414 1168 2472 μόνον,

235 2473 359 2523 scribendi
374 2474 524 2535 eompendio
537 2475 569 2538 (v.
587 2475 657 2522 Best
671 2473 703 2522 ed
718 2474 819 2534 Gregor.
832 2472 947 2521 Gon'nth.
959 2488 985 2534 p.
997 2475 1054 2538 331)
1067 2489 1120 2522 non
1130 2476 1168 2522 in·

234 2539 344 2596 telleeto,
354 2539 499 2587 transiisset
510 2538 539 2586 in
549 2541 601 2598 μέν,
613 2542 642 2586 ut
656 2537 799 2586 membrum
815 2551 922 2598 sequens
936 2539 1096 2587 antecedenti
1110 2541 1169 2600 epte

233 2602 405 2663 responderet,
417 2606 442 2651 et
454 2606 492 2651 καὶ
504 2603 650 2651 deleverunt
661 2604 687 2650 et
699 2601 886 2651 remordemur
900 2605 958 2662 post
974 2606 1168 2662 φενακισθῆναι.”

234 2667 313 2715 Plane
324 2667 448 2716 obsonum
459 2670 498 2716 est
509 2669 535 2714 et
546 2667 657 2715 deforme
668 2667 778 2714 alterum
788 2669 839 2725 μέν,
847 2665 899 2713 nisi
911 2665 952 2713 eui
963 2679 1036 2715 eures
1046 2669 1091 2715 sut
1102 2666 1170 2715 oeuli

234 2731 376 2780 obtusiores
387 2732 447 2780 sint.
480 2732 541 2780 Mox
551 2734 722 2793 προαίσθεσθαι
734 2731 759 2780 S.

235 2914 263 2963 οὔ
274 2922 348 2976 φησιν
357 2913 441 2963 before
455 2927 492 2962 we
505 2915 576 2962 must
590 2915 676 2975 repeat
728 2915 812 2970 σθένης
823 2911 848 2961 ἐν
858 2914 894 2975 τῷ
904 2913 1104 2974 παραπρεσβείας.

235 2983 315 3038 φησίν.
352 2979 478 3040 Preoisely
494 2978 524 3027 in
543 2978 588 3026 the
607 2991 678 3026 seme
760 2978 823 3036 347.
860 2979 963 3026 θεστιαί
980 2979 1020 3025 καὶ
1037 2975 1170 3038 Πλαταιαί]

235 3042 565 3104 msnnerinLetin,rre9at
579 3045 677 3090 seecire
731 3042 796 3090 “i.e.
815 3040 844 3090 τὰ
861 3043 967 3090 θεστιάς
985 3044 1023 3089 καὶ
1045 3043 1170 3090 Πλαταιὰς

239 3108 309 3154 ...scd
323 3109 452 3170 factumn
465 3107 514 3170 (i.e.
536 3106 593 3169 ait).
630 3105 678 3155 See
728 3103 917 3164 οἰκισθήσεσθαι.
950 3104 1006 3154 vicl,
1021 3119 1047 3166 p.
1058 3105 1113 3164 347,
1126 3105 1166 3152 20.

235 3169 567 3232 ἓ93.-ε“τα’γ·γείλοσθαι]
586 3170 614 3217 in
633 3169 678 3218 the
728 3172 768 3219 fl.”
793 3167 1024 3218 Semrse.-ct
1050 3171 1094 3226 μὲν
1120 3169 1170 3230 ’γιίρ

235 3247 304 3282 rerer
321 3246 395 3281 sense
412 3235 440 3282 ot
462 3237 513 3283 “to
535 3235 581 3283 ask
603 3249 618 3283 e
639 3234 677 3281 te·
726 3232 818 3282 ἐνταῦθ’
831 3235 916 3294 κ.τ.λ.]
949 3232 1062 3280 “Ferit
1083 3231 1170 3280 efleirs

235 3298 325 3358 vour‚''
341 3311 370 3345 es
386 3297 465 3346 below
482 3313 506 3360 p.
526 3299 676 3360 4015213.
727 3297 780 3346 hed
806 3297 909 3358 already
935 3296 1034 3344 arrived
1059 3297 1086 3344 st
1112 3295 1169 3344 thet

235 3359 593 3425 Ηετροοτοιίοαιλέγεται...τό
601 3362 677 3426 ἐπαγ-
727 3362 847 3424 position,
858 3375 923 3410 were
936 3374 963 3408 so
974 3359 1100 3418 motured,
1111 3360 1169 3408 thet

235 3428 367 3487 γέλλεσθοι
385 3429 425 3478 καὶ
439 3429 490 3475 ἀντὶ
504 3429 546 3476 τοῦ
558 3429 677 3490 τροττάτ-
728 3441 791 3475 even
802 3427 824 3474 if
834 3426 879 3474 the
895 3424 1014 3473 Thebans
1028 3424 1120 3485 gained
1135 3437 1169 3471 en

236 3507 286 3538 τειν
308 3489 323 3549 ἣ
347 3493 472 3550 αἰτεῖσθαι,
497 3491 527 3539 ὠς
548 3494 614 3554 παρὰ
616 3528 675 3540 ......
726 3490 827 3551 inkling
844 3491 872 3538 ot
886 3489 917 3547 it,
928 3487 950 3536 it
966 3501 1017 3536 wes
1033 3488 1061 3536 of
1075 3502 1109 3536 no
1125 3487 1168 3536 sd·

236 3557 379 3613 Δημοσθένει
392 3557 416 3604 ἐν
426 3557 462 3617 τῷ
476 3557 530 3616 περὶ
544 3557 587 3614 τῆς
601 3571 678 3615 παρα·
728 3557 835 3614 ventsge
841 3556 869 3600 to
877 3553 957 3611 them,
966 3551 1024 3614 why
1034 3552 1081 3600 hes
1091 3551 1113 3599 it
1123 3553 1169 3600 not

237 3621 372 3682 πρεσβείας.
405 3619 484 3667 Bekk.
500 3618 594 3669 Aneod.
610 3619 650 3674 29,
662 3618 678 3665 4
727 3616 792 3664 been
802 3617 921 3665 rulfilled:
933 3617 979 3664 but
990 3617 1011 3664 it
1021 3616 1043 3664 it
1050 3616 1098 3664 hes
1106 3615 1169 3664 been

236 3683 391 3746 ἀναχώρησιν
411 3683 427 3744 ῆ
446 3682 570 3745 ἀποφυγή.
603 3685 681 3741 Δημο·
727 3679 851 3730 thwerted
871 3680 952 3742 owing
973 3683 1001 3728 to
1022 3679 1089 3728 their
1112 3693 1168 3740 pre-
