2692 4168
407 206 467 271 DE
496 201 637 272 FALSA
665 203 927 274 LEGATIONE.
1077 212 1136 274 121

199 362 381 442 πέμψασαν
402 363 499 427 πόλιν
522 361 690 450 τυγχάνειν
705 361 757 428 καὶ
772 362 844 432 τοὺς
859 363 894 427 ἐκ
908 361 1023 442 ταύτης
1038 356 1136 444 πρέσ-

130 467 184 522 16²
196 466 275 542 βεις,
285 467 372 550 εἴπερ
387 490 419 529 τι
433 468 496 530 τῶν
510 463 637 530 δικαίων
652 464 798 546 ἐγῖγνετο.
836 463 883 529 ἔτι
895 464 998 530 τοίνυν
1012 465 1135 531 κάκεῖνο
1151 463 1206 532 148

199 567 379 652 σκέψασθε,
399 565 423 631 ὦ
440 566 547 651 ἄνδρες
568 564 738 646 Ἀθηναῖοι.
783 565 889 652 πότερ’
913 567 1016 632 οἴεσθε
1035 567 1136 633 πλέον

198 667 327 737 Φωκέας
347 666 501 747 Θηβαίων
521 666 541 747 ἢ
564 666 734 733 Φίλιππον
755 666 840 749 ὑμῶν
863 672 988 751 κρατεῖν
1010 671 1056 754 τῷ
1075 693 1134 735 πο·

195 767 303 852 λε’μῳ;
337 767 398 851 dyo}
425 767 483 850 μὲν
507 765 568 854 γὰρ
597 765 630 831 αὖ
656 766 712 831 οἶδ’
741 765 791 831 ὅτι
819 768 940 836 Φωκεῖς
970 768 1131 848 Θηβαίων.

197 869 283 958 εἶχόν
303 895 341 953 γε
361 868 558 956 Ὀρχομενὸν
578 868 633 932 καὶ
655 867 836 951 Κορώνειαν
857 869 911 932 καὶ
931 867 967 931 τὸ
981 870 1132 954 Τιλφωσ-

196 976 296 1049 σαῖον,
321 970 376 1036 καὶ
398 971 470 1039 τοὺς
495 971 528 1035 ἐν
552 969 680 1035 Νέωσιν
701 969 922 1056 ἀπειλήφεσαν
943 967 1055 1050 αὐτῶν,
1077 971 1131 1037 καὶ

194 1177 243 1226 Ea.
264 1177 355 1226 Tnarc.
372 1177 449 1225 Dran.
466 1174 550 1224 Voaa.
573 1173 656 1222 Bran
678 1175 709 1224 et
746 1173 797 1223 Sed
815 1175 877 1238 δῶρα
896 1189 956 1226 am.
981 1189 1028 1226 coc.
1050 1175 1129 1226 habet

194 1255 283 1301 margo
306 1241 332 1290 S.
358 1243 383 1288 ot
402 1239 534 1288 verissime
557 1238 607 1300 (me
622 1237 724 1298 quidem
745 1238 838 1301 judice)
861 1239 957 1289 Buttm.
984 1239 1043 1289 Ind.
1063 1241 1125 1291 Mid

194 1308 270 1366 δωρεὰ
288 1304 483 1352 “honorificum
499 1316 598 1362 comper
611 1302 783 1351 vocabulum
825 1303 886 1351 Post
902 1306 1011 1366 ἐγίγνετο
1030 1305 1128 1355 addunt

193 1372 234 1416 νῦν
254 1371 280 1418 δὲ
299 1370 373 1428 ἡμὲν
389 1370 458 1417 πόλις
475 1367 523 1415 ταῖν
538 1368 610 1425 αι’πῆς
627 1368 767 1425 ἀφέστηκεν,
780 1366 847 1417 οὗτος
863 1370 888 1416 δὲ
904 1371 1016 1430 χρήματα
1029 1373 1127 1430 εἱληφςν

191 1433 232 1480 ΑῙ.
243 1433 269 1481 k.
281 1448 301 1482 r.
317 1446 336 1481 c.
344 1432 435 1480 Rnlsx.
469 1431 528 1479 Jam
539 1430 674 1478 Ummuus
682 1430 791 1490 legerat:
808 1433 832 1480 ἐν
842 1434 887 1480 τινὶ
897 1436 977 1494 βίβλῳ
987 1437 1126 1495 γέγραπται

191 1500 268 1545 ταῦτα
294 1499 357 1555 μετὰ
383 1498 411 1545 τὸ
434 1496 553 1555 ἐγίγνετο.
585 1496 626 1542 νῖν
647 1497 673 1542 δὲ
676 1530 733 1543 ......
737 1496 841 1555 εἴληφεν.
878 1497 934 1544 ἀλλ’
959 1500 1004 1558 οὐχ
1022 1498 1126 1557 ἠγοῦμαι

190 1563 350 1623 γνήσιαεῑναι
366 1562 534 1618 Δημοσθένους.
564 1571 614 1606 om.
627 1556 653 1606 S.
664 1557 693 1608 Y.
709 1558 739 1607 Ο.
751 1559 769 1607 t.
781 1573 807 1606 u.
818 1572 843 1607 v.
860 1558 987 1609 Editoree.
1023 1562 1125 1611 “Haud

190 1625 273 1673 facilis
285 1625 355 1685 optio
368 1624 413 1686 (ait
426 1623 554 1684 Serica).
589 1621 626 1670 Ut
636 1622 707 1670 enim
718 1636 826 1682 vorsum,
841 1622 864 1671 ci
875 1623 949 1680 absit,
965 1638 1042 1672 nemo
1055 1625 1123 1684 quis·

191 1703 267 1749 qnam
288 1688 410 1749 requirat,
432 1690 520 1735 tamen
542 1685 633 1734 Orator
651 1699 716 1746 quae
736 1685 864 1748 inprimis
885 1689 958 1748 urget
974 1688 1123 1738 elocutionis

191 1753 322 1801 schemata
331 1751 433 1801 variana
444 1751 534 1799 iterare
546 1749 634 1799 solet.''

236 1817 318 1878 5162.
354 1817 464 1865 δικασταὶ
488 1814 542 1877 (pro
565 1815 694 1872 Ἀθηναῖοι)
721 1812 747 1862 S.
759 1813 789 1862 Y.
804 1816 829 1862 et
846 1832 886 1907 γρ.
908 1814 938 1862 F.
960 1814 1009 1863 En.
1030 1816 1121 1882 Tuam.

189 1880 266 1930 Dmn.
287 1881 372 1929 Vonrc.
392 1880 475 1928 Bm.
498 1880 659 1938 ελ-εἴχον
676 1880 719 1937 μὲν
734 1880 783 1940 γὰρ
798 1877 826 1927 F.
839 1880 878 1928 A.
914 1881 958 1938 μέν
966 1898 996 1942 γε
1006 1880 1031 1929 k.
1040 1895 1061 1932 r.
1078 1880 1118 1932 Al.

189 1947 237 2006 ’γὰρ
247 1944 278 1992 Y.
291 1944 321 2005 Q.
334 1944 363 1992 0.
375 1945 394 1993 t.
409 1958 434 1992 u.
444 1957 468 1991 v.
480 1944 506 1990 et
516 1941 584 2001 vulg.
596 1945 656 1990 unte
666 1940 758 1990 Rursu.
773 1942 826 2006 (qui
840 1945 883 2002 μὲν
898 1947 963 2006 γάρ).
984 1963 1015 2006 γε
1030 1944 1123 1994 8.-

190 2011 342 2071 Τιλφώσαιον
363 2007 392 2056 F.
413 2006 438 2057 S.
457 2006 486 2067 Q.
503 2006 534 2054 B.
567 2004 719 2066 Τιλφωσαῖον
732 2006 757 2054 k.
775 2015 794 2055 τ’.
812 2021 832 2054 fl.
849 2006 890 2056 ΔΙ.
922 2011 1062 2068 Τιλφὶσαιον
1080 2009 1121 2058 A'.

188 2072 287 2122 Eadem
297 2072 432 2120 diversitas
443 2084 510 2130 supr.
520 2074 535 2131 θ’
545 2071 798 2119 154.-ὲννεωσὶνας
808 2085 830 2121 r.
854 2074 985 2126 ἐννεώσινας
996 2074 1020 2122 k.
1034 2083 1070 2124 εν.
1080 2083 1121 2134 nm.
1176 2081 1178 2090 ’

189 2139 298 2186 ἐννεωσιν
315 2136 370 2200 (sic)
383 2135 413 2183 B.
448 2152 584 2184 cccccccccc
596 2137 727 2194 εἰλήφεσαν
746 2149 783 2196 pr.
801 2135 843 2183 A¹.
877 2134 994 2186 Ceterum
1010 2140 1077 2190 Νέων
1096 2145 1122 2191 et

189 2201 280 2250 Νέωνες
298 2213 377 2260 aeque
399 2201 555 2258 usurpantur
576 2197 790 2258 quemadmodum
809 2200 925 2249 Ἡλάταια
947 2204 974 2250 et
991 2205 1120 2256 Πλαταιαί.

188 2264 283 2313 Herod.
295 2277 352 2312 vm.
366 2264 397 2311 32
407 2266 467 2311 κατὰ
479 2263 563 2310 Νέωνα
574 2264 650 2320 πόλιν,
665 2264 690 2309 et
701 2263 741 2310 33.
774 2263 848 2312 Paua.
863 2279 887 2311 1.
906 2266 929 2322 2,
947 2267 971 2327 4,
990 2281 1013 2317 x
1037 2270 1076 2327 32,
1097 2273 1121 2328 9,

188 2327 227 2376 bie
240 2328 396 2389 singularem
407 2328 517 2374 formam
527 2325 631 2386 praebet
647 2326 734 2374 Νεῶνα
753 2326 798 2388 [cic
809 2327 898 2392 Bekk.)
911 2331 939 2378 at
949 2329 1018 2380 idem
1034 2347 1058 2381 x.
1070 2336 1094 2392 3,
1106 2337 1121 2382 2

192 2393 292 2442 Νειῖνας.
329 2391 451 2452 Πατροῦς.
478 2392 558 2440 Νεαῖσι
576 2389 643 2452 (sic):
672 2393 822 2449 Δημοσθένης
841 2393 893 2441 κατ’
913 2397 1034 2456 Αἰσχίνου.
1052 2400 1122 2449 πόλις

189 2459 252 2505 ἐστιν
268 2461 293 2506 ἐν
307 2457 341 2516 τῇ
352 2458 446 2511 Φωκίδι,
464 2454 494 2514 ἥν
508 2455 636 2516 Ἡρόδοτος
650 2457 694 2512 μὲν
709 2457 733 2503 ἐν
749 2457 824 2516 ὀγδόῃ
839 2457 922 2506 Νεῶνα
934 2458 989 2522 (sic)
1002 2462 1118 2526 ὀνομάζοι,

189 2517 628 2581 ’Acdpcrtav[diecipulua1eccratic,
642 2520 729 2566 contra
746 2532 822 2578 quem
836 2523 905 2569 extat
917 2522 1006 2571 Nostri
1024 2524 1119 2583 Oratio,

189 2585 228 2631 uti
243 2584 338 2632 diserte
349 2582 459 2630 ostendit
476 2582 550 2630 Auct.
568 2581 619 2630 Vit.
635 2582 740 2629 Icocrat.
755 2596 781 2643 p.
795 2596 829 2633 xr.
848 2585 962 2646 8Dind]
981 2588 1001 2636 δ’
1021 2591 1046 2637 ἐν
1064 2592 1121 2651 ἕκτῃ

189 2648 295 2698 ’Δτθίδος
312 2647 415 2696 Νεῶνας.
453 2646 552 2694 Eadem
569 2646 621 2694 iere
640 2645 731 2694 Suidas
753 2646 779 2694 et
800 2646 907 2696 Photius
924 2649 1006 2710 (Phot.
1031 2654 1120 2713 Νέωσι,

189 2715 278 2774 Neutra,
293 2711 338 2760 sed
349 2711 462 2772 Νεῶνας).
495 2711 563 2759 Νέων
574 2709 662 2770 Steph.
674 2710 734 2772 Byz.
761 2710 845 2760 Νειῖνα
857 2711 938 2761 Strub.
952 2727 985 2764 1x.
999 2715 1046 2767 670
1058 2717 1084 2768 C,

218 2910 360 2968 camon.
397 2907 627 2968 τούςένΝέωσιν...]
677 2910 804 2957 acontext
815 2910 891 2958 could
901 2909 966 2959 have
986 2911 1029 2960 the
1047 2927 1120 2964 sense

158 2997 161 3004 Δ
185 2974 277 3023 Reieke
298 2973 367 3046 gives
382 2973 431 3020 two
452 2971 627 3028 translatione,
677 2972 920 3034 cirecupcrccercct.
933 2974 1030 3026 Transi.
1042 2978 1120 3028 “And

186 3038 318 3098 according
335 3051 364 3084 aa
383 3035 500 3084 αὐτῶναι
512 3035 589 3083 αὐτῶν
604 3034 627 3082 is
677 3035 735 3084 that
756 3036 822 3097 body
842 3038 870 3084 oi
890 3037 936 3086 the
955 3039 1074 3090 Thebans
1091 3048 1119 3092 at

186 3103 229 3150 the
245 3101 365 3160 reading:
383 3104 399 3126 “
409 3099 552 3147 Phoccneca
570 3112 626 3159 par·
678 3098 750 3147 Neon
761 3099 824 3160 they
834 3099 885 3149 had
902 3101 962 3151 shut
972 3104 1063 3153 within
1074 3107 1119 3158 the

185 3169 237 3216 tom
245 3166 376 3226 copiarum
388 3162 566 3211 Thebanorum
577 3160 627 3223 (οῖ-
676 3162 771 3212 walls.”
789 3164 937 3224 Harpocrat.
951 3169 1119 3231 Τιλφωσσαιον

184 3233 241 3292 τοῖν)
269 3227 338 3289 apud
360 3227 462 3275 Neonas
488 3227 626 3286 intercepe·
678 3225 743 3285 (sic):
760 3228 911 3289 Δημοσθένης
928 3233 981 3279 κατ’
996 3237 1118 3295 Αἰσχίνου·

184 3297 249 3353 rant,
268 3291 436 3350 absciderant,
454 3289 627 3338 circumvalla·
675 3290 728 3351 ὄρος
739 3292 790 3338 ἐστὶ
801 3297 883 3355 μικρὸν
890 3294 1120 3360 οἱπέχοντῆςλὶιωης

183 3354 626 3415 verant:”or“Phooencecjuvenec
675 3357 718 3413 τῆς
736 3356 863 3406 Κωπαΐδος
884 3359 914 3408 ὥς
932 3362 1072 3422 θεόπομτος
1093 3368 1119 3413 ἐν

185 3434 243 3468 euos
272 3420 370 3479 (αὑτοῖν)
406 3419 623 3478 recuperaverant,
676 3421 725 3467 τοῖς
746 3421 903 3472 Φιλιππικοῖς.
942 3423 1030 3486 Steph.
1053 3427 1114 3488 Byr.

184 3498 247 3544 quoe
258 3483 375 3532 Thebani
392 3482 459 3542 apud
470 3482 570 3530 Neonae
585 3480 625 3528 in·
677 3484 845 3542 Τιλφωσσαῖον
863 3487 932 3550 (sic):
955 3494 1042 3552 χωρίον
1059 3493 1116 3540 θη.

183 3545 363 3608 teroeperant.''
396 3545 452 3592 Itic
461 3546 561 3605 strange
569 3544 626 3593 thet
676 3548 768 3597 ταλίας.
801 3549 910 3600 Paucan.
936 3566 969 3602 1¹.
992 3555 1032 3601 33.
1056 3555 1116 3602 Ιτὸ

183 3611 216 3658 he
227 3611 323 3670 prefers
334 3608 379 3658 tho
389 3609 472 3657 latter.
508 3608 522 3656 1
533 3611 626 3657 cannot
675 3610 729 3671 ὅρος
735 3613 763 3659 τὸ
769 3613 910 3672 Τιλφούσιον
915 3615 968 3679 (cic)
975 3616 1026 3664 and
1032 3616 1114 3665 Strab.

184 3672 626 3734 believethatdcediqtecccineuch
674 3688 709 3724 rx.
731 3688 757 3736 p.
782 3676 829 3725 630
850 3676 873 3724 A
897 3679 959 3730 calls
985 3679 1029 3728 the
1052 3687 1115 3731 town
