2716 4146
244 223 305 286 180
550 222 869 288 DEMOSTHENIS

242 381 277 444 ἐκ
298 382 360 462 τῶν
383 378 467 444 ἰδίων
488 377 650 444 τοσούτων
671 379 845 468 χρημάτων
866 378 1011 454 λύεσθαι,
1031 377 1130 465 μικρὰ
1150 377 1176 444 δ’

242 479 349 562 ἀξιοῦν
363 480 451 565 παρά
469 482 586 546 τούτων
609 481 749 569 αἰσχρῶς
764 480 831 563 μετ’
847 480 964 567 ἔχθρας
978 480 1176 561 rapsacem

175 583 298 662 ττ3ούκ
327 583 397 649 ἔστι
425 590 534 660 ταῦτα,
565 584 639 648 ἀλλ’
670 584 855 666 ἀπήγγειλα
883 584 941 666 μὲν
970 583 1094 665 τάληθῆ
1124 583 1178 648 καί
1192 599 1249 671 246

243 683 431 773 ἀπεσχόμην
452 691 509 751 τοῦ
529 688 645 764 λαβεῖν
666 690 723 751 τοῦ
745 685 867 750 δικαίου
889 684 941 750 καί
955 689 1009 764 τῆς
1029 685 1178 764 ἀληθείας

242 785 332 851 ἕνεκα
360 786 413 851 καὶ
442 791 499 852 τοῦ
526 791 644 851 λοιποῦ
671 785 755 863 βίον,
786 787 925 867 νομίζων,
950 782 1058 869 ῶσπερ
1080 785 1177 848 ἀλλοι

241 888 331 974 τινές,
352 889 426 975 παρ’
442 889 513 970 ύμῖν
535 889 587 954 καὶ
610 887 701 957 αὐτὸς
723 887 765 952 ῶν
782 887 919 968 ἐπιεικὴς
933 886 1174 968 τιμηθήσεσθαι,

241 991 294 1056 καὶ
314 991 370 1057 οὐκ
389 991 624 1056 ἀνταλλακτέον
645 989 724 1056 εἶναί
742 1017 797 1072 μοι
818 991 875 1070 τὴν
895 989 974 1076 πρὸς
989 989 1068 1071 ὑμᾶς
1083 997 1176 1075 φιλο-

240 1094 348 1176 τιμίαν
362 1093 482 1163 ούδευὸς
496 1091 630 1176 κέρδους·
647 1096 733 1175 μισῶ
744 1091 777 1156 δὲ
788 1081 923 1169 τούτους,
937 1089 986 1155 δτι
996 1089 1176 1178 μοχθηρούς
1190 1120 1245 1176 247

241 1198 294 1262 καὶ
312 1199 392 1266 θεοῖς
415 1194 545 1284 ἐχθροὺς
564 1194 645 1259 εἶδον
665 1196 697 1259 ἐν
715 1197 753 1277 τῇ
768 1193 936 1281 πρεσβείᾳ,
953 1195 1006 1258 καὶ
1021 1191 1174 1278 ἀπεστέρ-

239 1325 318 1382 ημαι
333 1299 386 1364 καὶ
405 1303 467 1364 τῶν
489 1297 574 1362 ἰδίων
593 1300 782 1379 φιλοτιμιῶν
803 1295 855 1361 διὰ
873 1296 929 1374 τὴν
948 1296 1065 1360 τούτων
1080 1296 1174 1383 δωρο-

240 1400 347 1467 δοκίαν
366 1401 443 1488 πρδς
462 1398 540 1480 ίληυ
559 1398 719 1486 δυσχερῶς
739 1398 824 1482 ὑμῶν
846 1398 904 1478 τὴν
929 1396 1105 1480 πρεσβείαν
1122 1399 1174 1462 ἐσ-

239 1501 392 1588 χηκότων·
408 1504 571 1585 κατηγορῶ
587 1499 695 1566 δὲνυνί
711 1501 763 1565 καὶ
779 1499 832 1564 ἐπὶ
846 1499 902 1567 τὰς
917 1497 1041 1568 εὐθύνας
1055 1496 1122 1578 ἥκω
1138 1498 1174 1564 τδ

238 1605 359 1685 μέλλον
373 1603 598 1690 προορώμενος,
615 1604 668 1668 καὶ
690 1603 882 1684 βουλόμενος
902 1600 1000 1683 ἀγῶνι
1019 1601 1072 1666 καὶ
1088 1601 1174 1666 δικα-

239 1706 359 1791 στηρίῳ
372 1733 427 1789 μοι
446 1706 612 1792 διωρίσθαι
632 1705 707 1792 παρ’
722 1704 793 1786 ὑμῖν
810 1703 858 1769 δτι
872 1703 1022 1769 τάναντία
1037 1703 1105 1786 ἐμοὶ
1120 1703 1173 1768 καὶ

171 1818 228 1870 2²4
239 1808 359 1878 τούτοις
381 1810 570 1894 πέπρακται.
611 1809 665 1872 καί
693 1808 823 1883 δέδοικα,
851 1807 975 1872 δέδοικα
1003 1806 1172 1891 (εἰρήσεται
1187 1809 1245 1878 248

163 1921 222 1979 411
238 1907 298 1994 γὰρ
318 1906 324 1995 Ι
341 1907 436 1974 πάνθ’
451 1907 473 1973 ἃ
491 1912 595 1995 φρονῶ
617 1907 695 1992 πρὸς
712 1907 802 1990 ὑμᾶς)
824 1908 867 1990 μη
889 1908 961 1972 τότε
980 1907 1038 1989 μὲν
1052 1900 1173 1976 τούτοις

290 2103 371 2163 5246.
404 2103 467 2151 Post
485 2102 667 2164 τιμηθήσεσθαι,
695 2103 735 2151 καὶ
758 2106 832 2152 πλέον
851 2106 910 2162 ἕξειν
928 2107 976 2152 τῶν
993 2105 1091 2153 πολλῶν
1111 2107 1173 2154 κατὰ

237 2167 309 2215 τοῦτο
320 2166 376 2216 add.
395 2167 419 2216 h.
434 2182 455 2216 r.
470 2181 490 2214 s.
502 2169 564 2215 vett.
581 2167 646 2216 Edd
683 2166 757 2214 “Vix
768 2167 888 2216 damnem
898 2167 961 2216 haec
972 2169 1062 2218 verba:
1085 2169 1171 2216 viden-

237 2232 328 2290 turque
351 2230 441 2290 quibus
462 2230 491 2277 in
513 2230 587 2278 libris
609 2229 701 2279 desunt
724 2231 756 2278 ob
778 2231 1000 2280 homoeoteleuton
1025 2233 1171 2293 excidisse,'’

238 2293 344 2344 aomar.
379 2292 490 2352 Habent,
503 2297 533 2342 ut
543 2293 650 2355 videtur,
664 2293 706 2343 Al.
718 2294 758 2344 Al.
771 2297 796 2343 et
807 2295 927 2344 Lambini
938 2311 1035 2345 omnes.

285 2421 364 2482 5247.
400 2401 440 2472 κίιι
455 2401 495 2482 [att
512 2401 654 2484 δικίστηριῳ
670 2423 697 2473 S.
713 2423 815 2471 lineolis
826 2423 921 2471 ordinis
933 2423 1092 2485 restituendi,
1106 2439 1171 2487 quae

239 2483 300 2534 alibi
310 2500 363 2534 non
373 2501 432 2535 raro
443 2500 507 2548 apr.
521 2501 556 2535 m.
569 2490 637 2545 sunt,
649 2486 691 2534 hic
703 2501 725 2536 a.
736 2503 772 2536 m.
783 2502 831 2536 rec.
843 2487 978 2548 impositis.

285 2551 363 2610 5248.
397 2551 458 2600 Post
480 2549 543 2609 τότε,
557 2569 588 2609 με
604 2569 642 2613 γρ.
657 2551 682 2601 Β.
703 2552 797 2600 omisso
813 2565 872 2600 mox
890 2552 1049 2613 pronomine,
1081 2553 1172 2604 τούτοις

237 2735 329 2786 should
339 2737 386 2784 not
400 2735 465 2784 have
476 2734 572 2798 spoken
587 2736 676 2786 doubt

236 2801 419 2862 ingly.--xal
431 2803 486 2850 τούς
495 2803 538 2858 μὲν
553 2803 614 2863 αἰχμ
616 2839 673 2851 ......

237 2865 370 2928 λαμβάνειν
377 2864 395 2928 ;]
421 2864 504 2912 “And
517 2880 551 2913 on
567 2866 612 2913 the
629 2879 677 2914 one

236 2929 306 2978 hand
327 2933 355 2978 to
376 2943 480 2977 ransom
500 2927 545 2976 the
564 2929 676 2990 captives

735 2737 789 2786 The
816 2737 903 2786 effecta
924 2736 1050 2799 (τοπικὰς)
1076 2737 1102 2784 cf
1128 2749 1173 2800 my

733 2802 819 2862 public
836 2801 911 2862 spirit
932 2801 984 2848 and
1005 2799 1093 2848 liberal
1112 2815 1171 2848 con-

734 2864 792 2914 duct
822 2865 945 2929 (alluding
965 2863 1074 2924 perhaps
1100 2878 1171 2914 more

733 2929 869 2991 especially
878 2932 905 2977 to
916 2928 957 2976 his
969 2941 1072 2975 ransom
1083 2927 1109 2976 ot
1125 2928 1171 2978 tho

237 2995 281 3041 out
292 2994 320 3042 of
333 3007 378 3055 my
388 3008 444 3041 own
458 3007 587 3041 resources
605 2995 631 3042 at
647 3007 675 3041 so

235 3057 304 3117 large
325 3071 341 3105 a
358 3056 437 3118 price,
453 3057 505 3105 und
521 3059 564 3118 yet
580 3071 614 3105 on
630 3057 676 3105 the

236 3119 310 3168 other
333 3123 360 3168 to
383 3123 471 3182 expect
487 3123 515 3169 to
537 3123 633 3170 receive
660 3135 677 3169 a

237 3185 312 3232 small
328 3199 386 3232 sum
407 3185 585 3246 disgracefnlly
607 3186 673 3233 from

236 3247 314 3308 them,
333 3248 512 3310 accompanied
528 3248 589 3297 with
608 3248 675 3297 their

235 3311 376 3373 hostility?
601 3309 604 3316 ¹

269 3376 350 3435 5246.
384 3379 423 3424 καί
442 3375 483 3426 οὐκ
497 3375 675 3427 ἀνταλλακτέον

236 3440 320 3501 κ.τ.λ.]
338 3445 353 3467 “
363 3440 421 3488 And
437 3440 496 3489 that
512 3441 616 3502 Iought
628 3443 674 3489 not

235 3506 262 3552 to
273 3503 358 3552 barter
368 3517 413 3566 my
423 3503 541 3552 laudable
549 3505 674 3553 ambition

235 3567 287 3617 and
305 3566 391 3628 public
407 3567 481 3629 spirit
502 3569 610 3616 towards
623 3583 674 3632 you

235 3631 429 3694 lorsnygein.'’

266 3696 348 3760 3247.
379 3697 425 3745 τῶν
442 3695 505 3745 ἰδίων
525 3696 675 3763 φιλοτιμιῶν]

732 2993 851 3053 captives,
859 3007 901 3040 see
912 2992 970 3053 544,
979 2991 1024 3038 but
1035 2990 1064 3037 in
1074 3005 1090 3039 a
1100 3005 1170 3042 more

731 3053 1041 3168 tsllhfissltslnssl
1064 3055 1173 3184 llll}

732 3185 829 3242 theada,
839 3185 880 3232 tte
892 3185 998 3244 becquet
1014 3185 1043 3231 ia
1055 3186 1094 3232 the
1105 3186 1169 3248 Pry-

732 3255 830 3296 tuaeam
850 3249 874 3309 (ᾗ
887 3249 927 3305 35,
940 3250 953 3305 ἕ
966 3246 1017 3310 36),
1029 3247 1081 3294 and
1096 3248 1169 3296 other

730 3311 844 3360 honours
854 3313 957 3372 present
971 3311 1021 3358 and
1032 3312 1125 3374 future,
1140 3312 1169 3360 in

731 3389 902 3436 consequence
914 3375 939 3422 ol
950 3374 994 3422 the
1002 3376 1103 3436 general
1114 3391 1168 3424 sus·

729 3439 814 3500 picion
825 3439 877 3488 and
888 3438 984 3500 disgust
995 3439 1076 3488 under
1086 3439 1170 3489 which

730 3502 775 3552 the
792 3518 886 3564 envoys
913 3503 955 3566 lay
972 3503 1054 3563 owing
1080 3505 1107 3552 to
1123 3503 1168 3552 the

730 3567 830 3628 bribery
847 3568 898 3616 and
915 3567 1062 3628 corruption
1083 3567 1168 3616 ottho

730 3633 829 3694 greater
838 3635 896 3693 part
907 3633 935 3681 of
944 3631 1012 3680 their
1022 3631 1095 3691 body.

760 3697 816 3749 411.
833 3697 916 3760 gale.
950 3696 1037 3745 “hest
1056 3693 1167 3744 whereas
