2716 4146
317 137 324 164 Ι

236 189 303 252 ’162Ι
545 185 862 252 DEMOSTHENIS

237 337 410 404 Ὀλυνθίαν
433 343 576 421 γυναῖκα,
604 339 745 425 εὐπρεπῆ
770 340 838 424 μέν,
865 340 1031 425 ἐλευθέραν
1056 341 1090 407 δὲ
1118 344 1171 408 καὶ

169 457 222 515 197
238 439 394 525 σώφρονα,
412 440 451 511 ὡς
466 440 606 525 τὸέργον
621 441 787 520 ἐδήλωσεν.
834 440 1001 522 ταύτηντὸ
1013 443 1072 525 μὲν
1086 449 1170 528 πρῶ·
1184 447 1242 506 218

236 569 291 608 τον
310 542 425 608 οὑτωσὶ
444 543 546 608 πίνειν
565 542 671 630 ῆσνχῇ
687 544 741 609 καὶ
755 543 884 628 τρώγειν
897 543 1070 626 ἠνάγκαζον
1085 545 1172 611 οὗτοί

233 670 287 725 μοι
311 643 418 723 δοκεῖν,
439 645 479 715 ὦς
500 645 636 728 διηγεῖτο
650 645 834 730 Ἰατροκλῆς
856 647 924 728 ἐμοὶ
945 651 984 730 τῇ
1006 646 1167 736 ὑστεραίᾳ·

234 747 275 818 ὠς
302 747 336 812 δὲ
359 749 471 834 προῄει
495 747 533 812 τὸ
553 751 686 833 πρῆγμα
712 747 765 811 καὶ
790 747 1047 832 διεθερμαίνοντο,
1072 776 1169 816 κατα-

233 849 397 913 κλίνεσθαι
418 850 475 914 καί
488 876 519 914 τι
538 850 592 914 καὶ
613 850 698 936 ᾄδειν
712 848 862 917 ἐκέλευον.
906 849 1120 950 ἀδὶιμιρι-ιρύσης
1134 852 1168 918 δὲ

232 953 286 1028 τῆς
310 949 476 1034 α’νθραίπου
499 950 553 1015 καὶ
575 949 646 1015 ούτε
670 950 838 1032 ἐθελούσης
858 952 928 1017 οὔτε
949 953 1164 1035 ἐπισταμένης,
1234 950 1243 970 '

231 1050 325 1133 ύβριν
349 1051 386 1116 τὸ
407 1056 542 1136 πρᾶγμα
569 1052 693 1136 ἔφασαν
716 1051 824 1118 οὑτοσί
847 1056 900 1118 καὶ
922 1054 938 1117 ὁ
960 1053 1091 1142 Φρύνων
1112 1055 1166 1120 καί

230 1152 285 1218 ούκ
309 1152 436 1218 ἀνεκτὸν
459 1151 545 1229 εἰναι,
570 1157 632 1240 τῶν
656 1152 736 1223 θεοῖς
760 1154 882 1240 ἐχθρῶν
902 1157 965 1218 τῶν
993 1154 1165 1240 ἀλιτηρίων
1340 1167 1341 1236 l

228 1251 407 1318 Ὀλυνθίων
431 1254 638 1341 αἰχμάλωτον
667 1253 767 1318 οὖσαν
795 1258 928 1339 τρυφᾶν·
960 1255 1013 1320 καὶ
1042 1261 1061 1291 “
1072 1254 1163 1322 κάλει

228 1353 356 1436 παῖδα,”
371 1354 424 1420 καὶ
438 1363 455 1388 “
466 1354 581 1435 ἱμᾶντά
594 1381 641 1423 τις
659 1352 805 1440 φερέτω.”
848 1353 921 1435 ἧκεν
938 1355 1058 1436 οἰκέτης
1078 1357 1162 1445 ἔχων
1176 1383 1233 1440 219

152 1479 213 1542 403
227 1459 354 1544 ῥυτῆρα,
375 1455 379 1542 Ι
400 1457 453 1520 καὶ
471 1455 664 1532 πεπωκότων
682 1455 769 1537 οἶμαι
786 1454 840 1520 καὶ
856 1460 973 1539 μικρῶν
987 1456 1086 1524 ὄντων
1099 1465 1161 1526 τῶν

226 1558 465 1643 παροξυνόντων
493 1558 640 1638 εἰπούσης
669 1583 701 1621 τι
728 1555 782 1621 καὶ
816 1555 1016 1642 δακρυσάσης
1045 1559 1161 1640 ἐκείνης

225 1661 414 1747 περιρρήξας
434 1659 487 1725 τὸν
506 1660 696 1746 χιτωνίσκον
716 1657 733 1722 ὁ
751 1657 871 1738 οἰκέτης
891 1657 987 1741 ξαίνει
1006 1658 1087 1724 κατὰ
1105 1663 1160 1727 τοῦ

224 1865 237 1922 ἕ
248 1862 296 1923 dp.
308 1864 340 1910 28
352 1861 388 1911 Si.
397 1862 472 1911 :190
482 1861 512 1909 R.
523 1865 624 1923 γυναῖκα
635 1863 760 1924 ἐλευθέραν
771 1863 809 1911 καί
821 1862 850 1910 τὸ
860 1864 927 1924 γένος
936 1862 1067 1924 Ὀλυνθίαν,
1081 1865 1107 1913 et
1118 1868 1130 1926 ξ
1141 1865 1156 1914 ὅ

223 1940 248 1987 p.
264 1928 310 1975 191
320 1930 354 1986 μὴ
365 1927 435 1985 μόνον
447 1928 477 1975 εἰς
488 1928 610 1988 ἐλεύθερον
621 1927 696 1984 σῶμα.

273 1993 285 2049 5
298 1992 354 2038 218.
387 1990 457 2048 οὗτοι,
470 2007 510 2048 μοι
521 1993 585 2038 δοκεῖ
593 1989 677 2036 Bm.
711 1989 773 2037 οὗτοί
783 2007 823 2048 μοι
834 1991 897 2038 δοκεῖ
906 1991 953 2038 El).
967 1991 1058 2040 TURIG.
1071 1993 1155 2042 Venor.

223 2053 306 2101 Bnnn.
316 2055 347 2101 et.
376 2055 450 2101 δοκεῖν
461 2067 549 2100 omnes
560 2055 658 2112 praeter
670 2052 706 2109 s.,
715 2052 790 2100 hodie
798 2054 1118 2118 revocavi—cimaco
1130 2057 1155 2108 S.

222 2116 282 2163 Mor
298 2119 365 2164 κάλει
382 2119 411 2175 δή
425 2115 454 2164 F.
469 2116 498 2175 Q.
511 2118 536 2163 ei
548 2130 562 2163 a
573 2130 608 2162 m.
621 2130 669 2163 sec.
682 2116 861 2174 9.-ὶμᾶντιι
871 2117 947 2165 hodie
957 2119 1046 2179 recepi.
1062 2121 1155 2168 Joann.

222 2182 302 2228 τονικὰ
318 2181 512 2242 παραγγέλματα
528 2194 553 2240 p.
571 2181 595 2238 8,
611 2179 629 2226 l.
647 2181 678 2227 23
694 2181 788 2239 ἱμάντας
806 2183 844 2229 καί
867 2184 999 2242 ἀνδριάντος
1018 2183 1081 2245 είτερ
1097 2189 1154 2248 παρ’

197 2264 200 2270 ·
223 2246 488 2305 ἀττικοῖςπεριστᾶται.

269 2309 282 2364 ἓ
294 2309 349 2356 219.
382 2309 551 2370 διακρουσάσης
566 2307 591 2355 k.
603 2322 622 2356 r.
638 2322 658 2356 s,
671 2311 713 2365 nm.
726 2305 770 2357 A¹.
787 2307 878 2356 Rmex.
896 2308 937 2356 cui
950 2310 1037 2374 tamen
1051 2313 1155 2372 διακρου-

222 2375 323 2430 σαμένης
345 2371 425 2432 magis
446 2372 563 2432 placeret.
599 2371 648 2419 Sed
670 2373 816 2433 δακρυσάσης
837 2375 937 2432 praeter
958 2375 1054 2421 ceteros
1076 2375 1151 2426 Oodd.

220 2435 429 2482 Demosthenicoe
445 2435 548 2495 praebet
565 2435 642 2482 eiiam
660 2435 743 2483 Schol.
760 2435 838 2482 Arist.
855 2436 964 2487 Achom.
981 2439 1028 2487 319
1047 2439 1100 2502 [qui
1116 2459 1154 2500 χι-

220 2499 303 2564 τῶνα),
315 2501 340 2547 et
352 2504 368 2528 “
375 2499 468 2560 judicio
479 2513 539 2547 eone
551 2513 627 2559 quam
641 2499 719 2548 velles
732 2499 770 2563 (ut
785 2513 844 2547 cum
861 2499 995 2549 Schaelero
1011 2502 1044 2550 ad
1059 2517 1085 2564 p.
1097 2505 1153 2562 398,

218 2697 316 2758 though
327 2711 342 2744 a
352 2709 415 2758 poor
421 2709 483 2743 mon
492 2693 543 2742 had
553 2693 663 2754 rejected
710 2694 944 2758 -ιίδημινούιης]
962 2701 977 2724 “
984 2697 1089 2758 Feeling
1097 2696 1152 2747 her-

123 2763 127 2772 '
217 2763 262 2810 the
274 2759 533 2810 offen—’Olcvdlav
548 2759 661 2820 γυναῖκα]
711 2759 760 2807 seli
776 2768 820 2808 not
839 2768 866 2808 cc
883 2763 958 2818 home,
973 2763 1020 2807 not
1036 2761 1153 2822 knowing

217 2827 284 2874 wife
292 2827 318 2874 ol
326 2823 515 2884 Aristophanes.
539 2822 656 2872 Aeschin.
710 2821 882 2873 howloact.”
911 2824 957 2874 See
968 2824 1065 2872 Buttm.
1076 2827 1151 2874 Leri-

217 2893 338 2951 abiccpr.
710 2887 756 2944 lep.
777 2888 987 2948 6,13.-ὕβριν
990 2925 1046 2936 ......
1050 2890 1152 2951 τρυφᾶν]

251 2955 332 3014 §ilc
366 2951 452 2999 “This
464 2948 658 2998 womaninthe
710 2951 823 2998 “Itwae
839 2953 954 2999 echome
972 2950 1152 3002 that...ehonld

217 3018 279 3066 firet·
287 3017 402 3064 instance
418 3015 513 3074 merely
525 3013 621 3074 quietly
632 3016 658 3060 to
708 3015 763 3072 ριόι
777 3016 869 3076 herself
876 3017 955 3062 αιίς.”

217 3080 292 3129 drink
303 3080 354 3128 and
365 3088 406 3128 eat
417 3081 508 3128 dcecert
519 3078 580 3138 they
591 3077 657 3124 tried
740 3078 827 3136 5219.
859 3079 964 3140 ῥυτῆρα]
989 3076 1034 3126 i.e.
1055 3081 1149 3134 ἱμᾶντα.

215 3147 243 3192 to
268 3145 343 3201 force,
369 3145 383 3192 I
406 3141 497 3190 should
521 3144 655 3202 suppose.”
709 3139 742 3190 So
764 3141 856 3189 Anecd.
879 3141 959 3188 Bekk.
982 3155 1007 3201 p.
1030 3144 1086 3201 299,
1109 3146 1149 3192 28.

214 3208 266 3256 For
281 3212 380 3268 τρώγειν
398 3207 434 3270 (to
449 3209 490 3254 eat
504 3205 656 3268 τραγήματα)
706 3206 786 3268 ῥυτῆρ,
815 3205 932 3266 properly
959 3205 1039 3253 “thei
1065 3206 1149 3257 which

215 3287 253 3333 cp.
269 3271 345 3319 Arist.
363 3272 415 3318 Pax
432 3271 495 3318 1324
517 3273 578 3318 σῦκα
598 3273 656 3330 τρώ-
707 3269 814 3324 drawe:''
827 3268 929 3329 applied
942 3269 976 3330 by
990 3269 1105 3330 Sophocl.
1125 3280 1149 3320 cc

213 3355 273 3398 γειν,
291 3335 384 3382 Herod.
402 3349 436 3382 Π,
455 3335 500 3381 143
519 3334 581 3396 ῥοιᾶς
598 3336 656 3395 τρώ-
707 3335 746 3379 the
758 3335 825 3380 rein:
843 3332 904 3380 Oed.
917 3331 969 3382 001.
981 3335 1029 3383 900
1041 3339 1149 3384 σπεύδειν

213 3397 655 3463 γειν,1.71σιτέονται(ᾱ1υθυροω)
707 3398 754 3444 ἀπὸ
783 3398 879 3459 ῥυτῆρος
912 3398 1039 3457 (detractis
1066 3401 1148 3461 frenis

214 3465 256 3513 οὐκ
275 3467 320 3514 ὅσα
339 3460 537 3511 ἐθέλουσι,.....οῠ
557 3465 617 3509 σῦκα
631 3462 656 3509 δὲ
706 3460 857 3522 Hermann).
870 3460 987 3510 Aeschin.
997 3465 1010 3522 ἕ
1022 3463 1068 3514 157
1079 3477 1104 3524 p.
1115 3464 1148 3513 49

213 3533 296 3590 ἔχουσι
306 3530 434 3589 τρώγειν.
459 3525 521 3572 This
531 3539 582 3573 wne
591 3527 656 3587 aster
707 3524 743 3574 St.
752 3525 826 3572 :322
842 3524 873 3572 R.
885 3528 966 3587 λαβὼν
981 3527 1070 3588 ῥυτῆρα
1085 3545 1147 3586 μασ-

213 3595 308 3652 diener,
330 3606 358 3638 as
376 3590 399 3637 is
417 3589 512 3649 proved
530 3589 564 3650 by
579 3592 591 3648 ς
607 3590 655 3638 217
704 3591 795 3651 τιγοῖμι
811 3591 855 3648 τὴν
869 3591 1022 3650 αἰχμάλωτον
1036 3593 1145 3651 γυναῖκα.

213 3660 294 3716 ἐπειδὴ
314 3658 339 3704 δὲ
357 3654 425 3714 ἧκον
446 3654 484 3702 είς
503 3651 534 3700 τὸ
554 3655 651 3701 πίνειν.
703 3655 838 3714 *ξαίνει
857 3655 959 3715 πολλάς]
976 3653 1022 3702 ie.
1041 3656 1144 3715 πληγάς.
