2644 4156
237 199 278 262 14
347 276 350 285 s
543 194 862 262 οουοετιιοιςιε

235 352 272 416 τό
291 351 349 434 μὲν
370 353 406 416 ἐκ
427 353 544 418 τούτων
565 354 753 434 λαμβάνειν,
769 355 805 436 ἐξ
822 353 864 419 ῶν
878 350 897 432 ἡ
912 351 1006 421 πόλις
1023 349 1170 430 βλάπτε-

235 478 295 528 ται,
310 452 427 523 πάντες
441 452 497 520 οἶδ’
513 453 562 519 ότι
577 453 705 540 φήσαιτ’
720 453 851 520 ἀνεῖναι
867 453 964 518 δεινόν
978 452 1030 517 καὶ
1045 455 1170 532 πολλῆς

234 553 327 637 ὀργῆς
351 555 448 638 ἀξιον.
493 556 509 621 ὁ
533 557 640 639 μέντοι
666 557 719 622 τὸν
744 556 837 638 νόμον
861 555 957 625 τιθεῖς
983 553 1017 620 oc
1044 554 1169 638 διώρισε

234 662 334 736 τοῦτο,
358 657 433 723 ἀλλ’
462 657 572 728 ἁπλῶς
598 659 666 724 εῖπε
690 659 840 741 μηδαμῶς
869 658 952 743 δῶρα
981 656 1166 738 λαμβάνειν,

233 759 409 843 ἡγούμενος,
431 760 471 830 ῶς
488 762 556 843 ἐμοὶ
576 761 668 839 δοκεῖ,
685 761 738 827 τὸν
757 760 847 842 άπαξ
864 759 1009 837 λαβόντα
1030 757 1082 822 καῖ
1102 757 1167 822 δια·

234 863 395 949 φθαρέντα
416 863 477 928 ὑπό
499 863 673 951 χρημάτων
694 863 764 929 οὐδὲ
783 862 891 949 κριτὴν
910 861 957 926 ἔτι
971 862 1032 925 τῶν
1046 865 1167 944 συμφε-
1212 859 1218 869 '

232 964 351 1050 ρόντων
371 964 504 1049 ἀσφαλῆ
525 965 628 1046 μένειν
649 968 688 1049 τῇ
709 965 812 1031 πόλει.
857 967 896 1030 ἀν
916 965 974 1046 μὲν
993 965 1097 1030 τοίνυν
1118 965 1197 1046 ἐξ-8

234 1067 351 1151 ελέγξω
371 1068 424 1132 καὶ
442 1066 531 1149 δείξω
554 1069 663 1151 σαφῶς
682 1066 841 1155 Αἰσχίνην
861 1067 984 1132 τουτονὶ
1003 1067 1054 1132 καῖ
1072 1064 1168 1147 μηδὲν

234 1167 349 1247 ἀληθὲς
372 1165 596 1247 ἀπηγγελκότα
617 1165 670 1230 καὶ
690 1165 890 1231 κεκωλυκότα
910 1167 985 1248 ἐμοῦ
1003 1165 1056 1231 τόν
1070 1165 1168 1247 δῆμον

233 1269 368 1334 ἀκοῦσαι
388 1269 522 1348 τάληθῆ,
538 1269 592 1332 καὶ
612 1267 719 1333 πάντα
739 1266 888 1332 τάναντία
910 1271 971 1332 τῶν
992 1265 1166 1351 συμφερόν-
1256 1294 1258 1300 '

232 1395 295 1432 των
309 1369 381 1451 ὑμῖν
395 1367 707 1448 συμβεβουλευκότα,
720 1367 774 1433 καὶ
787 1368 883 1449 μηδὲν
895 1368 937 1434 ῶν
951 1367 1168 1454 προσετάξατε

232 1472 266 1535 ἐν
285 1474 324 1556 τῇ
344 1470 502 1557 πρεσβείᾳ
520 1469 724 1549 πεποιηκότα,
738 1469 792 1535 καὶ
812 1469 996 1547 ἀνηλωκότα
1010 1470 1079 1539 τοὺς
1093 1467 1168 1556 χρό-

232 1598 303 1642 νους
325 1573 359 1637 ἐν
381 1571 427 1640 οἷς
449 1574 583 1636 πολλῶν
604 1570 657 1636 καῖ
679 1571 827 1652 μεγάλων
848 1571 1043 1654 πραγμάτων
1064 1569 1167 1655 καιροὶ

232 1677 394 1759 προεῖνται
422 1674 460 1754 τῇ
489 1669 591 1745 πόλει,
617 1670 671 1735 καῖ
699 1669 828 1735 πάντων
856 1669 974 1736 τούτων
1002 1669 1086 1753 δῶρα
1114 1669 1166 1732 καὶ

232 1774 364 1853 μισθοὺς
383 1772 537 1858 εἰληφότα
556 1772 637 1852 μετὰ
651 1770 875 1858 Φιλοκράτους,
892 1769 1166 1855 καταψηφίσασθε

233 1873 330 1939 αὐτοῦ
350 1873 403 1938 καὶ
420 1871 508 1952 δίκην
528 1870 619 1952 ἀξίαν
638 1875 701 1936 τῶν
714 1869 914 1952 ἀδικημάτων
929 1871 1056 1949 λάβετε·
1080 1869 1118 1934 ἀν
1133 1871 1166 1934 δὲ

232 1976 276 2058 μὴ
295 1974 384 2057 δείξω
403 1978 503 2039 ταῦτα
516 1973 536 2052 ἢ
550 1974 594 2055 μὴ
612 1971 726 2049 πάντα,
743 1973 797 2056 ἐμὲ
814 1973 872 2055 μὲν
891 1976 1015 2060 φαῦλον
1028 1970 1164 2056 ἡγεῖσθε,

233 2077 355 2144 τουτονὶ
370 2075 405 2140 δὲ
419 2075 526 2160 ἄφετε.

296 2177 416 2243 Πολλά
444 2176 552 2242 δὲκαὶ
578 2177 662 2242 δεινά
685 2181 869 2264 κατηγορεῖν
899 2177 981 2266 ἔχων
1011 2177 1058 2244 ἔτι
1087 2175 1195 2266 πρός9

279 2358 292 2413 fi
313 2357 336 2406 7.
369 2355 418 2403 Pro
441 2357 500 2416 εἶτε,
522 2357 623 2404 ότεΐτεν
640 2374 679 2418 γρ.
700 2355 726 2406 S.
742 2357 773 2406 Y.
791 2357 820 2420 Q.
838 2358 906 2419 quod
921 2358 991 2406 haud
1009 2359 1061 2407 scio
1078 2373 1112 2408 an
1128 2373 1166 2406 rc-

250 2420 385 2469 onendum.

231 2434 249 2481 p
281 2486 294 2543 ἕ
313 2485 334 2533 8.
374 2484 435 2532 Post
453 2485 617 2546 συμφερόντων
635 2498 685 2534 om.
707 2487 761 2543 ὑμῖν
779 2485 804 2535 S.
821 2485 845 2536 k.
866 2500 885 2536 s.
902 2487 950 2536 En.
972 2489 1062 2538 Τααια.
1081 2487 1166 2534 Vocu.
1316 2401 1318 2544 ό

231 2547 314 2596 Bm.
329 2550 359 2597 st.
396 2550 528 2607 ποιήσαντα
543 2549 568 2597 S.
581 2549 609 2598 Y.
624 2548 690 2608 quod
704 2563 780 2597 nemo
796 2551 886 2610 opinor
899 2556 998 2611 practer
1011 2551 1060 2600 En.
1074 2553 1163 2600 Tumc.

231 2614 327 2660 temere
337 2614 483 2672 recepturus
495 2612 528 2659 sit
538 2612 607 2660 intcr
616 2615 654 2660 tot
662 2615 774 2675 perfecta
783 2616 955 2675 ἀπηγγελκότα
959 2656 1016 2666 ......
1020 2617 1168 2674 κεκωλυκότα

235 2677 519 2739 ......σνμβεβονλευκότα
522 2715 579 2726 ......
584 2678 721 2734 ἀνηλωκότα
724 2715 781 2727 ......
786 2681 910 2738 εἰληφότα.
949 2681 1116 2742 [Receperunt
1129 2681 1166 2727 ta-

232 2754 292 2787 men
304 2740 388 2790 Voss.
405 2741 488 2788 Bm.
504 2741 549 2802 ελ]
580 2745 665 2790 τοῦτον
682 2742 729 2790 ult.
748 2741 794 2790 lin.
813 2743 837 2792 S.
855 2743 886 2791 Y.
903 2743 951 2793 En.
973 2744 1063 2793 Tumc.
1081 2744 1166 2794 Vocas,

231 2804 403 2854 Dchcu,
418 2807 448 2854 st.

232 2966 256 3013 p.
287 2951 444 3011 910.)-ἐκ
472 2955 618 3014 τούτων...ἐξ
646 2953 677 3002 ὦν
725 2953 829 3016 charges
843 2957 870 3004 to
884 2956 1166 3018 bring.”-D0br.Adv.

231 3023 325 3063 neuter.
724 3018 746 3066 I.
759 3033 777 3066 1.
792 3034 817 3080 p.
834 3021 880 3070 247
897 3024 1008 3081 “quaero
1024 3022 1166 3082 exemplum

263 3081 318 3138 58.
352 3078 382 3126 ἂν
392 3081 461 3139 δὲμὴ
472 3083 580 3146 δείξω...]
600 3081 675 3129 “ῙῘΙ
724 3083 918 3132 constructionis
940 3089 1079 3146 κατηγορεῖν
1108 3099 1167 3134 cum

232 3141 299 3190 shall
309 3144 354 3188 not
361 3157 438 3202 prove
446 3144 518 3193 these
525 3145 574 3194 five
580 3145 673 3206 points,
725 3160 807 3194 accus.
819 3147 856 3194 rei
867 3147 922 3195 sine
933 3149 1010 3208 genit.
1020 3149 1167 3209 personcs‚”

232 3220 261 3254 or
271 3204 292 3252 if
302 3205 316 3252 1
327 3204 393 3254 shall
403 3210 449 3255 not
459 3223 536 3268 prove
546 3224 620 3271 every
626 3224 675 3257 onc
724 3211 830 3269 quoting
839 3210 954 3260 however
963 3212 1040 3260 Arist.
1047 3213 1113 3261 ch.
1121 3213 1169 3263 996

231 3268 348 3325 estham,
360 3273 420 3318 (καθ’
453 3272 551 3332 Bciske,
565 3274 621 3321 who
632 3288 674 3322 en·
724 3276 788 3322 όεινό
797 3278 846 3336 γὰρ
854 3278 1023 3338 κατηγόρηκεν.
1052 3277 1167 3326 SoDem.

232 3333 673 3394 closcdv'pccinbrsckctswondcr·
724 3337 832 3386 Timocr.
855 3353 881 3399 p.
904 3340 950 3391 765
972 3343 984 3399 ἓ
1011 3342 1058 3387 212
1087 3343 1168 3400 ἐπειδὴ

231 3397 296 3457 fully
312 3397 362 3445 lost
379 3397 446 3458 sight
460 3401 488 3448 of
504 3400 548 3448 the
564 3401 631 3449 force
648 3401 675 3449 of
724 3404 805 3450 τόλλα
817 3404 987 3463 κατηγόρησεν,
993 3404 1088 3453 Andoc.
1100 3406 1167 3466 Mys-

231 3461 399 3522 thcpcsssge.
724 3467 771 3512 ter.
791 3469 877 3526 571).
898 3467 912 3513 1
932 3467 1017 3515 St.=3
1036 3468 1066 3516 R.
1087 3471 1168 3518 πολλὰ

262 3527 309 3584 59.
343 3525 452 3576 Observa
463 3532 604 3590 κατηγορεῖν
613 3528 676 3577 used
724 3532 837 3578 καὶόεινό
850 3533 1066 3592 κατηγορήσαντες.
1093 3533 1167 3581 Aust.

231 3591 369 3653 absolutely
391 3591 499 3642 without
519 3606 536 3640 α
556 3593 675 3652 genitive.
724 3593 945 3654 Alcib.1.105A,
965 3597 1033 3658 ἔτερα
1050 3599 1080 3644 οὓ
1095 3614 1167 3654 κατη-

231 3652 357 3714 “Ecving
373 3656 417 3715 yet
433 3669 511 3717 msny
529 3659 675 3706 monstrous
723 3659 820 3720 γορήσω
831 3659 975 3718 διανοήματα
987 3661 1169 3722 σότρόςαότόν
