2716 4146
394 197 456 262 DE
484 197 626 262 FALSA
654 198 915 264 LEGATIONE
1060 201 1122 263 225

189 352 401 440 ἀφῃρημένην,
416 354 536 425 τούτοις
559 354 622 420 δ’θ,
644 354 714 435 μηδ’
735 355 809 442 ὄναρ
828 356 973 437 ἤλπισαν
994 356 1124 424 πώποτε

175 527 176 530 ¹
189 455 397 537 κτησαμένην,
410 455 465 518 οὐκ
474 455 563 520 αὐτοὶ
571 455 698 526 τούτους
710 456 912 524 ἀπεκτείνατε
926 457 1015 523 ἀλλὰ
1028 487 1123 539 κατη-

188 556 284 639 γόρου
298 559 498 643 προσδεῖσθε,
514 560 567 624 καὶ
588 559 675 645 λόγῳ
697 560 816 643 κρίνετε
837 559 879 644 ὧν
901 559 982 646 ἔργῳ
1000 559 1124 644 τάδική-

188 686 276 742 ματα
290 660 405 729 πάντες
421 661 545 744 ὁρῶσιν.
601 735 602 738 ¹

119 782 177 840 314
254 761 304 824 Οὐ
318 763 422 826 τοίνυν
444 761 484 826 τὰ
506 761 610 828 πάλαι
633 762 672 826 ἀν
686 789 732 833 τις
747 763 817 850 ἔχοι
838 762 932 844 μόνον
946 762 1054 842 εἰπεῖν,
1070 763 1123 827 καὶ
1137 780 1192 852 276

189 860 239 926 διὰ
264 863 382 928 τούτων
408 867 471 928 τῶν
495 862 761 949 παραδειγμάτων
785 864 864 944 ὑμᾶς
893 865 947 930 ε’πὶ
973 863 1123 950 τιμωρίαν

188 965 420 1051 παρακαλέσαι·
444 964 517 1028 ἀλλ’
540 965 589 1052 ἐφ’
605 965 692 1047 ὑμῶν
712 968 852 1031 τουτωνὶΙ
865 967 928 1031 τῶν
942 966 988 1032 ἔτι
1004 967 1123 1046 ζώντων

188 1065 362 1154 ἀνθρώπων
384 1069 504 1132 πολλοὶ
526 1066 614 1148 δίκην
637 1067 815 1144 δεδώκασιν,
832 1068 874 1134 ὧν
897 1070 958 1152 εἠὠ
975 1071 1045 1138 τοὺς
1066 1071 1123 1153 μὲν

188 1166 308 1236 ἄλλους
335 1169 540 1253 παραλείψω,
571 1172 632 1234 τῶν
663 1168 688 1232 δ’
718 1171 754 1234 ἐκ
782 1171 964 1257 πρεσβείας,
990 1168 1011 1252 ἣ
1039 1171 1124 1236 πολὺ

189 1268 303 1348 ταύτης
332 1269 457 1334 ἐλάττω
486 1270 570 1334 κακὰ
598 1271 653 1352 τὴν
678 1272 774 1336 πόλιν
803 1275 975 1356 εἴργασται,
1001 1272 1126 1358 θανάτῳ

191 1369 404 1449 ζημιωθέντων
426 1369 490 1439 ἑνὸς
511 1369 630 1449 ἠδυοῑυ
652 1371 937 1454 ἐπιμνησθήσομαι.
985 1374 1051 1439 Καί
1070 1399 1125 1454 μοι

189 1469 264 1552 λέγε
277 1472 365 1536 τουτὶ
379 1471 415 1536 τὸ
429 1471 587 1558 ψήφισμα
600 1472 720 1550 λαβών.

532 1653 538 1740 1
558 1655 782 1722 ΨΗΦΙΣΜΑ.
1127 1682 1199 1744 ¹430

117 1810 174 1869 315
221 1753 223 1758 Ι
254 1775 351 1840 Κατὰ
372 1775 460 1840 τουτὶ
480 1775 516 1840 τὸ
538 1775 737 1862 ψηφισμαῶ
757 1774 864 1860 ἄνδρες
877 1774 1039 1856 Ἀθηναῖοι
1060 1779 1123 1840 τῶν
1137 1802 1190 1860 277
1231 1791 1233 1796 '

189 1877 358 1963 πρέσβεων
373 1878 505 1956 ἐκείνων,
520 1875 605 1959 ὑμεῖς
624 1878 759 1942 θάνατον
774 1877 955 1958 κατέγνωτε,
972 1875 1013 1942 ὧν
1028 1877 1071 1946 εἷς
1084 1877 1123 1956 ἦν

188 1977 389 2066 Ἐπικράτης,
412 1979 498 2064 ἀνήρ,
525 1979 565 2049 ὥς
589 1979 650 2061 ἐγὼ
674 1981 736 2043 τῶν
757 1978 986 2064 πρεσβυτέρων
1009 1976 1121 2054 ἀκούω,

190 2079 361 2149 σπουδαῖος
380 2080 434 2145 καὶ
456 2080 567 2145 πολλὰ
586 2078 744 2167 χρήσιμος
762 2081 801 2162 τῇ
823 2080 918 2144 πόλει
937 2080 991 2145 καὶ
1005 2083 1067 2145 τῶν
1089 2082 1124 2144 ἐκ

237 2276 314 2334 5313.
350 2277 501 2324 ἀποκτενεῖτε
521 2276 550 2324 F.
574 2275 602 2334 Q.
621 2274 645 2325 lr.
666 2289 686 2324 r.
708 2288 728 2324 e.
750 2279 787 2324 em.
812 2273 852 2324 A1.
877 2274 906 2323 B.
931 2275 1003 2324 Herl.
1032 2279 1122 2336 “quoe

188 2338 278 2450 probed
288 2339 349 2426 erit„
357 2339 452 2388 locutio
475 2340 521 2400 (eit
546 2340 666 2400 Terrore)
689 2339 712 2388 si
738 2338 919 2398 interrogative
941 2353 1028 2388 sumas
1055 2341 1121 2390 hene

188 2417 259 2464 perro
278 2417 330 2453 um.

237 2469 314 2526 5314,
350 2469 427 2516 τάλαι
440 2467 464 2516 S.
478 2467 508 2516 Y.
544 2466 637 2515 παλαιοὶ
649 2466 730 2526 vulgo.
767 2466 849 2514 παλαί’
863 2465 949 2516 Cobet,
968 2467 1025 2516 Ver.
1049 2468 1117 2518 Leot.

188 2545 212 2592 p.
225 2533 273 2580 384
282 2537 298 2559 “
308 2546 370 2578 nam
381 2532 474 2578 dieitur
486 2535 507 2579 ol
515 2535 591 2578 πάλαι
603 2531 646 2578 sed
657 2533 688 2578 τὰ
696 2533 774 2578 πάλαι
782 2530 897 2590 γενόμενα
908 2533 952 2577 aut
960 2535 991 2578 τὰ
1003 2531 1120 2579 παλαιά.”

189 2596 284 2643 contro
300 2595 363 2643 eitet
380 2595 489 2644 Voemel.
506 2595 582 2654 Soph.
599 2594 658 2643 Oed.
673 2595 702 2644 R.
717 2595 771 2643 916.
807 2594 839 2640 ln
858 2594 929 2653 Lept.
950 2596 962 2651 ξ
977 2595 1007 2642 81
1027 2609 1050 2654 p.
1073 2596 1121 2642 482

189 2661 293 2707 παλαιάς
303 2661 369 2718 vulg.
389 2659 433 2706 oed
445 2661 521 2711 παλαι
534 2660 559 2706 S.
572 2658 616 2705 aiii
627 2659 737 2718 optimae
754 2660 831 2705 notee
845 2657 910 2704 libri.
945 2657 1017 2704 Idem
1034 2657 1120 2706 Cobet.

188 2725 236 2772 τῶν
258 2727 293 2771 ἔτι
314 2727 404 2782 ζώντων
426 2725 553 2784 ἀνθρώπων
575 2722 736 2769 “absurdum
758 2721 981 2769 additamentum
1000 2722 1120 2782 appellet.

187 2787 301 2834 ——Pro
319 2789 387 2846 κακά,
408 2788 469 2835 κατα
487 2787 510 2835 S.
530 2786 559 2834 Ο.
579 2788 598 2833 t.
633 2788 693 2834 δυεῖν
715 2800 737 2834 r.
761 2799 781 2836 e.
805 2785 836 2833 Β.
870 2785 938 2834 “Sio
955 2784 999 2832 ille
1017 2783 1040 2833 ei
1058 2785 1121 2834 bene

187 2849 296 2898 memini
306 2851 399 2911 ubique
408 2855 422 2877 ’'
434 2851 525 2898 Rrrsrr.

119 3075 125 3086 ⁸
188 3020 321 3083 destroyed
331 3022 375 3070 the
387 3023 519 3069 fortreeeee
531 3021 558 3068 oi
567 3033 631 3081 your
710 3019 842 3078 430.§315.
848 3018 1045 3078 Harpocration:
1053 3018 1121 3067 Ἐπι-

188 3085 259 3132 allies
272 3083 630 3145 endisbuildingthehouses
679 3086 776 3144 xpdrni:
805 3081 891 3130 Ἰσαῖος
912 3083 988 3141 ἐντῷ
1005 3086 1057 3144 περὶ
1074 3085 1122 3130 τῶν

188 3149 214 3196 oi
231 3163 294 3209 your
310 3149 494 3205 embossedors‚
512 3148 559 3195 hos
578 3162 631 3194 oar·
679 3150 704 3195 ἐν
726 3148 862 3205 Μακεδονίᾳ
889 3148 1010 3206 ῥηθέντων,
1056 3146 1122 3196 οὗτος

187 3212 242 3260 ried
263 3213 298 3260 off
319 3227 366 3261 our
388 3213 516 3274 country's
531 3226 629 3273 posses·
678 3211 824 3259 ἐστινὸτῶν
834 3208 964 3266 Ἀθηναίων
980 3210 1122 3272 δημαγωγὸς

188 3275 265 3334 sione,
294 3277 345 3324 end
371 3277 464 3325 eerned
493 3277 532 3324 ior
559 3276 631 3323 them
679 3275 853 3334 ὁΣοκεσφόρος
866 3275 916 3334 [the
932 3288 990 3320 πιαα
1006 3277 1065 3322 with
1080 3278 1120 3324 ibe

189 3340 242 3399 (the
264 3342 367 3402 envoye)
383 3342 452 3389 whet
470 3340 530 3402 they
553 3354 631 3387 never
678 3338 767 3388 heard:
792 3351 833 3384 see
844 3337 973 3396 Aristoph.
985 3337 1119 3386 Eoolesiee.

187 3404 308 3464 expected
334 3419 397 3452 even
420 3405 449 3452 in
476 3419 491 3452 a
518 3404 630 3452 dream.'’
679 3404 709 3455 71
727 3399 1122 3464 κᾶγωγ”Επικρείτονςούκόλίγῳ

188 3466 270 3515 There
289 3467 312 3514 ie
330 3468 451 3529 probably
468 3482 502 3516 en
521 3467 630 3516 ellueion
678 3469 791 3516 καλλίονα
800 3465 922 3527 (πώγωνα)
932 3465 982 3512 end
993 3465 1036 3514 the
1044 3467 1120 3515 Seho-

187 3532 215 3578 to
242 3531 286 3578 the
309 3532 414 3591 proverb
439 3533 494 3593 ὄναρ
522 3534 631 3580 πλουτεῖν
677 3531 737 3578 lieet
761 3530 817 3578 who
844 3533 932 3590 quotes
957 3530 1024 3578 from
1054 3532 1120 3579 Plot.

188 3595 253 3643 Plot.
283 3595 385 3645 Theaet.
422 3597 469 3644 208
495 3596 527 3654 Β,
556 3595 630 3657 Lysis
678 3594 771 3643 comio.
796 3597 852 3656 ἄναξ
872 3594 962 3654 ὑπήνης
980 3593 1121 3655 Ἐπίκρατες

188 3659 274 3709 2180.
677 3661 820 3722 σοκεσφόρε.
855 3657 1021 3709 Seemorein
1036 3658 1120 3706 Meus·

273 3775 388 3824 error.
995 3760 1034 3818 15
