2686 4142
223 212 284 272 244
530 211 847 277 DEMOSTHENIS

221 365 303 450 φησὶ
325 364 358 429 δέ
378 391 415 446 γε
435 364 455 445 ἡ
477 365 609 449 μαντεία
632 365 696 432 δεῖν
719 365 803 437 ’όπως
824 366 863 432 ἂν
884 366 927 448 μὴ
950 365 1106 454 χαίρωσιν
1129 365 1160 431 οἱ
1170 399 1230 453 342

222 465 331 552 ἐχθροὶ
351 470 458 532 ποιεῖν.
495 465 601 533 άπασι
618 468 723 536 τοίνυν
743 473 800 556 μιᾷ
821 468 928 552 γνώμῃ
949 467 1158 552 παρακελεύε-

221 593 275 633 ται
298 569 440 648 κολάζειν
468 570 540 640 τοὺς
568 569 802 657 ὑπηρετηκότας
831 597 863 639 τι
892 575 957 640 τοῖς
986 569 1112 656 ἐχθροῖς
1142 569 1158 633 ὁ

221 668 306 749 Ζεύς,
330 668 350 752 ἡ
368 670 482 752 Διώνη,
502 669 619 742 πάντες
639 671 670 737 οἱ
688 671 761 737 θεοί.
800 671 914 754 ἔξωθεν
928 670 960 735 οἱ
972 668 1159 747 ἐπιβουλεύ-

221 795 315 848 οντες,
346 769 469 836 ἔνδοθεν
498 771 530 836 οἱ
556 771 824 854 συμπράττοντες.
872 770 982 836 οὐκοῦν
1003 774 1066 836 τῶν
1091 771 1158 834 ε’πι-

220 873 438 953 βουλευόντων
462 873 520 958 μὲν
540 873 632 962 ἔργον
654 873 780 952 διδόναι,
802 878 864 940 τῶν
885 871 1159 958 συμπραττόντων

221 975 256 1042 δὲ
276 978 456 1060 λαμβάνειν
477 978 530 1042 καὶ
552 976 622 1047 τοὺς
644 977 816 1062 εἰληφότας
838 975 992 1056 ἐκσώζειν.

150 1097 208 1154 300
281 1078 355 1144 Ἔτι
378 1078 483 1144 τοίνυν
505 1077 565 1142 κᾶν
588 1076 643 1142 ἀπ’
667 1076 865 1164 ἀνθρωπίνου
890 1081 1048 1160 λογισμοῦ
1072 1079 1156 1143 τοῦτ’
1171 1106 1229 1160 343

221 1179 282 1244 ἴδοι
296 1204 351 1254 τις,
372 1179 421 1243 ότι
442 1178 570 1243 πάντων
591 1178 786 1266 ἐχθρότατον
803 1178 856 1243 καὶ
878 1177 1101 1264 φοβερώτατον
1122 1180 1159 1244 τὸ

221 1280 275 1348 τὸν
296 1278 519 1361 προεστηκότα
543 1280 598 1343 ε’ᾶυ
624 1280 737 1346 οἰκεῖον
757 1280 924 1364 γίγνεσθαι
946 1285 1011 1350 τοῖς
1031 1279 1075 1363 μὴ
1096 1281 1159 1344 τῶν

220 1383 323 1448 αὐτῶν
337 1382 526 1470 ἐπιθυμοῦσι
541 1384 585 1468 τῷ
604 1382 697 1470 δήμῳ.
728 1383 795 1447 τίσι
808 1382 870 1466 γάρ
885 1387 947 1448 τῶυ
961 1381 1159 1469 πραγμάτων

221 1485 373 1570 ἐγκρατὴς
392 1485 504 1568 γέγονε
525 1484 692 1554 Φιλιππος
706 1484 864 1563 ἁπάντων,
888 1483 941 1549 καὶ
962 1485 1029 1548 τίσι
1044 1482 1085 1548 τὰ
1104 1483 1159 1565 με’-

219 1612 319 1669 γιστα
333 1587 560 1672 κατείργασται
574 1589 637 1650 τῶν
650 1585 890 1669 πεπραγμένων,
906 1584 1087 1670 σκέψασθε.
1114 1587 1160 1670 τῷ

220 1688 310 1776 παρὰ
327 1692 389 1756 τῶν
407 1687 599 1755 πωλούντων
617 1687 673 1758 τάς
691 1688 821 1773 πράξεις
841 1686 997 1766 ὠνεῖσθαι,
1018 1691 1063 1772 τῷ
1087 1686 1159 1756 τοὺς

178 1837 181 1845 -
221 1790 458 1877 προεστηκότας
474 1790 507 1854 ἐν
521 1793 590 1860 ταῖς
603 1788 722 1853 πόλεσι
736 1788 926 1875 διαφθείρειν
940 1789 994 1855 καὶ
1009 1787 1157 1872 ἐπαίρειν,

148 1912 205 1966 301
221 1891 350 1962 τούτοις.
386 1895 487 1957 ταῦτα
509 1891 614 1956 τοίνυν
636 1890 685 1977 ἐφ’
707 1890 779 1973 ὑμῖν
798 1893 887 1957 ἐστιν
911 1890 1080 1976 ἀμφότερα,
1104 1882 1159 1953 ἐάν
1172 1913 1232 1968 344

219 2155 309 2206 Emer
328 2155 455 2203 intellexit
470 2158 527 2204 1111
543 2158 603 2204 anie
619 2157 674 2204 Alll
696 2155 1001 2216 irrepsisse—Acirim
1017 2169 1031 2204 e
1050 2156 1156 2218 conjeci.

220 2219 324 2270 Genieri
350 2220 461 2267 Terror.
500 2219 550 2269 Sed
571 2222 638 2268 recle
661 2219 768 2269 Seme.
792 2219 898 2268 “Dione
919 2219 948 2267 in
969 2219 1079 2268 craculis
1100 2220 1162 2268 Jovi

218 2283 332 2346 jungitur
342 2282 421 2397 eiigm
436 2298 462 2344 p.
474 2282 530 2342 531,
542 2285 580 2345 20,
595 2284 665 2344 1487,
679 2282 721 2335 2.’'
753 2282 809 2334 vic
823 2283 921 2332 Buten.
933 2283 1158 2332 adminicuto.

219 2361 255 2396 rv.
287 2365 369 2396 ονκουν
399 2385 404 2397 .

267 2415 280 2472 5
291 2412 347 2462 343.
382 2412 525 2474 ἐχθρότατον
536 2409 704 2472 “euperlclivi
714 2410 797 2458 iormc
806 2424 897 2472 perum
907 2411 1014 2472 prebete
1022 2410 1159 2460 Atticislie.
1329 2375 1330 2451 4

219 2475 251 2525 v.
270 2475 363 2524 Moeris
385 2489 410 2537 p.
432 2476 505 2525 τετυ
532 2475 639 2526 same.
674 2475 713 2524 cr.
736 2475 797 2523 οοο.
820 2475 877 2537 ryr.
901 2475 972 2526 1346.
1008 2479 1160 2538 ἐχθρότερος
1329 2457 1330 2528 l

219 2541 333 2590 Prooeni
345 2554 385 2588 ττι.
402 2554 428 2602 p.
442 2540 504 2590 1448
516 2541 541 2588 et
552 2540 589 2588 ibi
601 2539 700 2589 Schcef.
734 2542 877 2601 ἐχθροτέρως
893 2539 923 2588 de
934 2541 998 2588 Pece
1012 2553 1038 2601 p.
1051 2539 1081 2588 61
1093 2543 1106 2600 5
1118 2540 1157 2588 18.

219 2606 333 2654 Damnat
345 2600 391 2653 Th.
405 2605 470 2665 Mag.
481 2618 505 2666 p.
519 2605 568 2653 401
584 2607 701 2666 ἔχθιστος,
718 2607 758 2653 οὐκ
772 2605 1094 2667 ἐχθρότατον-ἐπαίρειν
1104 2607 1157 2653 ποό-

219 2687 273 2719 vocs
283 2668 351 2716 libri.
383 2672 474 2718 colrois
484 2683 516 2717 ex
530 2668 595 2729 conj.
611 2669 700 2717 Rnrsn.
711 2668 793 2716 ΒΜ
807 2670 843 2730 [ei
855 2670 899 2729 ei]
911 2669 959 2717 En.
975 2669 1064 2716 Turre.
1076 2669 1154 2718 Drnn.

218 2734 304 2782 Vonn.
323 2732 437 2781 Delendi
447 2733 537 2793 nequii
547 2733 615 2792 vulg.
627 2747 688 2780 nem
699 2735 795 2781 τούτους
805 2732 838 2780 cd
848 2732 1001 2780 Aeschinem
1012 2734 1037 2779 et
1049 2733 1158 2792 collegae

218 2797 244 2847 h.
256 2799 274 2846 1.
289 2799 376 2858 cperle
391 2810 444 2844 non
461 2797 571 2857 speciei:
588 2810 635 2843 nec
650 2798 735 2857 potest
751 2796 783 2844 ed
795 2799 848 2846 τοὺς
864 2798 1038 2858 προεστηκότος
1055 2797 1156 2845 referri:

218 2862 256 2911 ite
266 2861 336 2910 enim
348 2863 430 2911 αντούς
440 2859 503 2922 poni
513 2860 633 2921 oportuit.

1329 2001 1330 2046 l

268 2092 347 2154 5342.
381 2093 418 2140 ἀεὶ
428 2093 488 2140 ente
500 2093 546 2140 δεῖν
556 2091 584 2142 F.
598 2091 628 2140 Y.
643 2091 672 2140 0.
684 2092 703 2140 i.
715 2105 741 2138 u.
753 2105 777 2140 v.
790 2091 858 2153 vulg.
870 2093 930 2140 anie
940 2091 1023 2142 Bm
1055 2091 1159 2140 Primus

253 3033 330 3095 5342.
340 3032 401 3094 φησὶ
411 3031 438 3080 δέ
447 3047 477 3092 γε
483 3030 568 3090 κτλ]
582 3029 665 3078 “And
715 3029 816 3090 (bribee)
829 3030 879 3078 end
889 3044 977 3078 reecue
993 3031 1059 3078 from
1072 3034 1158 3078 courie

220 3101 298 3160 οραίιι
308 3097 352 3145 the
363 3095 445 3144 orccle
456 3093 513 3142 bide
526 3108 578 3155 you
592 3109 621 3142 eo
637 3096 664 3142 4ο
713 3095 740 3142 oi
754 3094 845 3155 justice
856 3094 919 3142 euch
930 3108 958 3142 cs
969 3094 1033 3142 heve
1044 3095 1158 3143 received

221 3164 262 3211 cci
272 3161 331 3210 thct
344 3175 408 3221 your
421 3157 532 3207 enemiee
549 3173 608 3219 mcy
618 3159 665 3206 noi
713 3157 810 3206 them?
842 3159 931 3206 Noiice
948 3158 992 3206 lhe
1011 3159 1157 3220 asyndeton,

220 3223 444 3288 rejoiceiherein.”
478 3222 525 3272 See
535 3226 593 3284 0n5
607 3224 661 3272 102.
714 3220 797 3270 which
808 3221 1084 3283 cddsiciheorelory.

219 3289 370 3349 -Διιόνη]
387 3287 435 3337 See
451 3289 516 3336 Απιι.
538 3289 665 3339 0444-
747 3286 827 3346 5343.
859 3288 901 3335 τὸν
909 3285 1084 3349 προεστηκότα]
1099 3286 1160 3336 Slill

220 3356 305 3414 ἔξωθεν
316 3350 380 3416 cl...]
400 3350 541 3399 “without
549 3365 591 3400 are
602 3352 662 3410 ioee,
712 3350 834 3410 referring
860 3351 887 3398 4ο
914 3351 1037 3400 Eubulus.
1068 3351 1154 3412 (lomp.

219 3417 311 3466 within
321 3416 424 3464 irailors
436 3416 513 3475 (liter.
524 3415 598 3464 those
608 3415 664 3463 who
714 3414 777 3462 Mid.
792 3429 816 3475 p.
834 3415 881 3462 581
900 3417 913 3474 5
933 3415 979 3466 207
999 3417 1097 3464 δύνασαι
1115 3419 1159 3475 μὲν

220 3481 309 3542 design
325 3479 426 3540 against
444 3493 502 3540 you,
516 3479 589 3526 those
607 3479 664 3528 who
713 3481 752 3527 καί
774 3479 1003 3540 celiniae—r&
1025 3481 1091 3542 παρὰ
1112 3483 1159 3527 τῶν

221 3560 264 3595 are
274 3543 342 3594 their
352 3542 514 3603 coadjutore).
548 3543 663 3592 Iiiethe
716 3581 774 3593 ......
777 3543 787 3603 ]
824 3543 870 3593 See
896 3547 909 3604 5
938 3541 1158 3607 146.--του’τοις]

221 3610 284 3670 duty
294 3608 357 3658 then
369 3606 399 3670 (is
410 3606 431 3653 it
442 3606 511 3669 noli)
524 3606 551 3653 oi
564 3607 618 3654 ieee
636 3609 663 3654 4ο
715 3606 954 3667 “Βγ4λοεεωοοαο,
962 3607 1062 3668 byeuch
1069 3622 1157 3656 meane

220 3675 286 3736 give,
297 3672 349 3722 ancl
359 3671 386 3719 of
402 3669 506 3718 ircitcre
522 3672 550 3718 4ο
567 3670 663 3718 receive
713 3685 742 3720 ce
752 3670 848 3720 ihese.'’
875 3671 922 3720 See
933 3675 945 3731 5
957 3673 1012 3722 337.
