2644 4156
619 233 641 301 ⁷

163 383 247 474 ἔχων
270 381 328 461 τὴν
357 382 554 471 κατηγορίαν.
597 381 763 466 γενομένης
786 381 849 467 γὰρ
874 387 931 464 τῆς
955 381 1100 470 δευτέρας

163 488 346 572 πρεσβείας,
368 485 522 568 μαθόντες
546 484 579 550 οἱ
600 485 763 565 Ἀθηναῖοι
786 486 844 564 τὴν
869 490 933 551 τῶν
962 485 1100 552 Φωκέων

163 585 333 666 ἀπώλειαν,
346 586 581 668 ἐσκευαγώγουν
595 588 630 651 ἐκ
644 591 707 653 τών
721 586 827 673 ιῖγρών
840 589 895 654 καὶ
909 589 944 654 ἐν
962 587 968 676 Ι
985 592 1100 676 πολλῷ
1117 607 1180 673 339

164 688 290 773 θορύβῳ
312 686 406 768 ἦσαν·
436 689 490 753 καὶ
510 689 592 768 μετὰ
612 692 686 772 τρία
707 689 761 769 ἔτη
787 689 935 770 εἰσῆλθεν
956 689 973 755 ό
994 694 1099 771 Δημο-

164 788 276 868 σθένης
293 787 520 872 κατηγορήσων
540 789 706 878 Αίσχίνου.
749 790 804 856 καὶ
822 790 920 874 κρίνει
938 789 1032 856 αύτδν
1046 789 1100 856 διὰ

163 890 217 956 δύο
243 891 437 972 ἐγκλήματα,
463 889 517 954 διὰ
538 891 594 972 τὴν
619 891 781 956 ἀπώλειαν
803 894 866 956 τών
887 892 1023 958 Φωκέων
1044 892 1100 956 καὶ

163 994 217 1060 διὰ
238 993 435 1078 δωροδοκίαν.
480 993 586 1058 ἰστέον
613 993 647 1058 δὲ
670 993 720 1059 ότι
747 993 982 1081 προηγούμενόν
1010 997 1100 1062 ἐστιν

164 1094 316 1176 ἔγκλημα,
344 1093 394 1160 ὅτι
419 1097 542 1165 Φωκεῖς
570 1094 788 1161 ἀπολώλασιν.
830 1094 911 1178 πρὸς
939 1096 1100 1164 σύστασιν

165 1198 276 1261 τούτου
300 1196 445 1283 δεύτερον
468 1197 604 1282 ε’νέκυψε
630 1197 760 1278 ζήτημα,
784 1196 833 1262 ότι
858 1197 912 1262 ἐπὶ
936 1198 1101 1286 χρήμασιν

164 1298 305 1388 Αἰσχίνη
323 1302 417 1362 τοῦτο
436 1297 635 1395 τετόλμηται,
652 1297 692 1368 ώς
711 1297 871 1365 σύστασιν
885 1297 1029 1381 γίνεσθαι
1043 1308 1099 1366 τοῦ

164 1404 319 1486 προτέρου
347 1400 545 1483 ἐγκλήματος
573 1403 629 1464 τοῦ
657 1399 739 1466 κατὰ
767 1401 904 1470 Φωκέας.
948 1404 1101 1490 τεκμηριοῖ

164 1504 235 1569 ἐστι
254 1509 311 1569 τοῦ
333 1502 440 1568 πάλαι
460 1505 561 1566 ταῦτα
579 1501 817 1585 ἐσκευωρῆσθαι
835 1503 890 1566 καὶ
910 1505 1100 1572 κατεσκευά-

163 1613 249 1692 σθαι,
265 1611 303 1677 δι’
319 1611 362 1676 ών
376 1610 442 1691 όμα
456 1609 510 1674 καὶ
525 1613 711 1694 προαναιρεῖ
723 1607 760 1674 τὸ
778 1611 917 1696 χρῶμα”
932 1611 1098 1700 Αἰσχίνου,

163 1715 414 1800 καταφεύγοντος
435 1713 488 1778 ε’πῖ
508 1712 637 1794 ἄγνοιαν
654 1710 708 1775 καὶ
723 1712 919 1793 συγγνώμην.
963 1714 1016 1778 καὶ
1030 1715 1100 1780 τού·

163 1846 228 1884 των
247 1818 288 1883 τὰ
305 1818 364 1901 μὲν
385 1818 420 1882 ε’κ
439 1821 502 1882 τών
520 1815 717 1904 παρειμένων
734 1817 856 1902 εἴληφε,
871 1816 913 1882 τὰ
932 1816 966 1882 δὲ
984 1819 1020 1882 ἐκ
1038 1824 1101 1884 τών

163 1921 403 2009 πεπραγμένων.
447 1924 576 1984 συνεῖπε
592 1917 653 2004 γὰρ
668 1919 862 2003 Φιλοκράτει
876 1917 949 1984 ἄνευ
964 1921 1100 1986 Φωκέων

162 2025 318 2109 γράφοντι
336 2023 394 2104 τὴν
414 2023 546 2108 εἰρήνην.
591 2020 647 2087 ούκ
661 2021 781 2100 ἔλαβεν
795 2019 903 2108 ’όρκους
917 2022 1006 2108 παρὰ
1020 2024 1099 2088 Θετ-

164 2131 269 2193 ταλών
289 2126 542 2214 συμμαχούντων
561 2125 728 2210 Φιλίππῳ,
744 2124 777 2189 οἳ
793 2124 849 2189 ούκ
868 2123 908 2190 ἃν
927 2125 1099 2211 σννεστρώ

164 2255 280 2294 τενσαν
295 2229 348 2293 ε’πὶ
363 2227 501 2305 Φωκέας,
517 2226 604 2312 είπερ
619 2227 783 2297 δεδωκότες
797 2225 880 2307 ἦσαν
894 2227 964 2296 τοὺς
978 2225 1097 2313 ίρκους.

164 2332 290 2397 ἐνέδωκε
306 2329 463 2413 Φιλίππῳ
482 2327 613 2417 χρόνῳ18
631 2327 944 2412 παρασκευάσασθαι
966 2329 1024 2410 τὴν
1045 2331 1099 2395 ε’πὶ

164 2431 293 2501 Φωκέας
314 2430 489 2515 στρατείαν·
511 2429 656 2516 διέτριψε
674 2429 736 2516 γὰρ
757 2431 870 2499 ἐκεῖνος
884 2430 955 2500 τοὺς
968 2431 1100 2519 χρόνους

164 2533 340 2618 ἐξεπίτηδες
366 2532 555 2606 ἀναλίσκων,
582 2531 632 2595 ἵνα
657 2533 700 2614 μὴ
723 2531 940 2616 περιπλεύσας
964 2533 980 2597 ὁ
1004 2534 1099 2615 δῆμος

163 2638 276 2720 κλείσῃ
292 2637 346 2707 τὰς
362 2637 479 2705 Πύλας.
525 2634 706 2717 ἐξηπάτησε
726 2633 783 2715 τὴν
801 2635 898 2701 πόλιν
918 2636 1100 2702 ἐπανελθών

163 2737 308 2816 ἐπίτηδες
329 2736 448 2805 διτταῖς
468 2737 589 2810 ἐλπίσι,
604 2739 663 2823 μιᾷ
682 2735 740 2818 μὲν
759 2733 808 2801 ότι
823 2735 1019 2803 ἀπολοῦνται
1034 2742 1095 2820 Θη-

162 2838 286 2918 βαῖοι”,
313 2837 404 2924 ἑτέρα
433 2838 466 2904 δὲ
493 2836 542 2904 ότι
572 2842 692 2910 Φωκεῖς
715 2837 925 2918 σωθήσονται,
953 2838 1035 2906 ὥστε
1056 2841 1099 2924 μὴ

163 2939 346 3024 ἐγγενέσθαι
373 2939 618 3017 βουλεύσασθαί
643 2967 676 3006 τι
705 2940 804 3024 δεξιὸν
837 2939 917 3025 ὑπὲρ
951 2940 1098 3007 Φωκέων·

164 3039 233 3107 εἶπε
252 3041 315 3129 γὰρ
334 3041 399 3107 δεῖν
419 3039 576 3126 Φιλίππῳ
591 3040 762 3106 πιστεύειν·
785 3039 901 3105 σώσειν
914 3041 975 3127 γὰρ
990 3040 1100 3113 αύτούς

164 3149 202 3228 τῇ
221 3144 316 3210 πόλει
336 3144 557 3226 ε’πηγγειλατο.
601 3142 727 3208 καὶτοῦ
746 3141 805 3225 μὲν
824 3142 980 3227 προτέρου
1001 3145 1100 3208 ταῦτα

165 3245 326 3331 τεκμήρια·
349 3249 404 3310 τοῦ
426 3245 460 3310 δὲ
481 3243 625 3331 δευτέρου
646 3248 701 3308 τοῦ
718 3243 792 3326 περὶ
813 3247 875 3308 τῶν
894 3243 1008 3329 δώρων,
1025 3243 1101 3330 ε’νῷ

165 3350 320 3416 δείκνυται
332 3349 381 3414 ότι
395 3347 545 3437 χρήματα
556 3348 685 3434 εἴληφεν
696 3345 861 3435 Αἰσχίνης,
874 3349 974 3412 ταῦτα
988 3348 1100 3432 τεκμή-

195 3516 252 3566 339.
270 3513 320 3577 (17)
332 3514 361 3563 τδ
381 3516 467 3574 χρῶμα
487 3513 564 3576 (color
582 3525 602 3564 Β.
656 3511 750 3564 Τθαῖυι.
764 3513 808 3563 Gr.
843 3514 894 3577 (18)
911 3515 996 3577 χρόνον
1015 3528 1099 3563 emen·

161 3581 312 3641 ρίρπιεπτιιπι
342 3578 459 3641 Quintil.)
487 3577 605 3636 “colom
655 3577 724 3628 dant.
762 3579 813 3641 (19)
829 3580 935 3642 Θηβαῖοι
949 3593 1000 3628 om.
1022 3578 1099 3630 Godd.

163 3641 275 3701 varnish‚
287 3641 499 3701 embellishment‚
512 3642 608 3689 colour-
655 3644 755 3703 praeter
768 3646 813 3692 am.

165 3706 220 3758 able
237 3708 354 3757 excuse.”
385 3705 443 3755 vid.
461 3705 524 3756 Em.
543 3705 607 3756 Lex.
