2716 4146
411 187 471 250 DE
501 184 645 250 FALsA
671 184 933 250 LEGATIONE
1077 190 1137 253 191

205 339 251 409 οῖς
280 339 431 421 ε’τιμᾶσθε
456 338 583 420 ἠδίκηκέ
605 365 652 408 τις
678 337 771 420 ὑμῶν,
796 338 849 403 καὶ
875 342 976 403 ταῦτα
1001 341 1138 414 τοιαῦτα,

205 442 297 528 τόσῳ
305 445 432 520 μᾶλλον
443 438 481 504 όν
495 439 644 518 μισοῖσθε
655 438 781 508 δικαίως
794 437 813 519 ἦ
830 439 998 518 σώζοισθε;
1011 436 1071 522 ε’γιό
1082 439 1140 520 μὲν

136 543 195 612 264
207 542 292 624 οἶμαι
307 545 431 628 πολλῷ.
447 540 624 618 ,βιάσονται
635 540 738 604 τοίνυν
752 540 837 616 ἴσως,
850 538 1072 626 μεγαλόφωνοι
1085 541 1140 606 καὶ

206 642 340 712 ἀναιδεῖς
354 643 447 722 ὄντες,
464 640 517 705 καὶ
532 640 569 703 τό
582 639 802 723 συγγνώμην
816 638 966 726 ἀδελφῷ
983 640 1139 719 βοηθεῖν

205 742 464 828 προσειληφότες.
492 739 577 822 ὑμεῖς
597 739 630 804 δὲ
648 740 692 822 μὴ
712 740 860 822 ἡττᾶσθε,
878 742 975 807 ἐκεῖνο
995 738 1138 823 ἐνθυμοό-
1152 758 1207 814 ²39

204 969 318 1015 -πῶς
339 985 366 1014 ου
388 967 480 1022 μᾶλλον
499 965 522 1016 k
547 979 566 1014 s.
587 964 627 1013 dl.
647 965 688 1015 A2.
706 965 779 1016 Harl.
802 965 881 1027 Μυκη.
901 965 986 1016 Latet.
1022 965 1136 1015 Praefert

205 1029 312 1079 Tarmia
350 1030 400 1080 Sed
415 1031 500 1090 πολλῷ
509 1029 629 1091 sequitur.

253 1093 334 1154 5264.
367 1093 497 1155 συγγνώμη
511 1093 629 1142 Editores
646 1097 747 1153 praeter
762 1092 880 1142 Vonnnn.
917 1092 1058 1156 συγγνώμην
1074 1093 1134 1142 libri

205 1173 301 1218 omnes,
325 1159 354 1205 ut
369 1158 478 1214 videtur,
494 1161 594 1218 praeter
609 1158 639 1205 B.
661 1158 688 1206 F.
712 1160 737 1204 et
761 1172 839 1218 marg.
859 1158 943 1207 Latet.
992 1158 1041 1207 Sed
1058 1172 1134 1205 nemo

205 1222 279 1270 facile
298 1221 423 1271 defendat.
459 1221 500 1269 Ita
528 1221 685 1281 scripseram.
719 1221 802 1268 Hodie
829 1222 903 1269 aliter
929 1222 1018 1271 sentio.
1057 1222 1135 1270 Plane

205 1285 343 1347 genuinum
353 1286 438 1333 locum
445 1286 548 1345 praebet
560 1286 620 1345 Itys.
634 1300 654 1335 e.
669 1284 789 1333 Andocid.
799 1288 850 1344 §31
866 1300 890 1346 p.
906 1287 951 1334 105
970 1286 1006 1334 St.
1016 1287 1089 1333 2228
1102 1287 1132 1334 R.

206 1349 269 1398 τοῦτ’
283 1354 334 1398 ἐστι
348 1349 376 1398 τό
395 1351 434 1397 τόν
452 1353 504 1411 βίον
518 1353 625 1411 ἀβίωτον,
661 1349 737 1396 Hunc
754 1349 838 1397 locum
857 1352 1021 1397 tentaverunt
1039 1349 1132 1398 Oritici.

207 1413 358 1474 Stephanus,
373 1428 448 1473 quem
460 1417 600 1474 sequuntur
609 1412 657 1459 Ed.
670 1412 763 1473 Tulit,
780 1417 833 1474 βίον
843 1415 929 1476 [βιοῦν]
940 1417 1048 1475 ἀβίωτον.
1086 1413 1136 1462 Sed

205 1477 324 1524 nonnihil
343 1476 508 1525 dubitationis
532 1479 605 1525 affert
631 1478 699 1539 βιοῦν
715 1477 744 1524 in
765 1477 885 1538 scriptore
906 1481 997 1526 Attico.
1031 1477 1134 1527 Aristot.

121 1565 123 1570 ·
205 1541 266 1591 Eth.
289 1541 343 1588 Nic.
365 1556 399 1588 iv.
419 1541 504 1597 1125,
525 1543 562 1602 12,
581 1540 625 1601 qui
642 1539 704 1588 alibi
721 1543 799 1601 συζῆν,
817 1542 901 1601 potuit
917 1541 999 1589 dicere
1013 1544 1133 1603 συμβιοῦν.

65 1617 69 1624 ·
205 1605 297 1652 Poetae
308 1604 437 1652 interdum
453 1607 586 1664 ἰωνὶζουσιν,
619 1603 733 1664 Aeschyl.
747 1605 833 1666 Suppl
848 1607 911 1653 1010
923 1609 966 1662 τὴν
977 1607 1001 1654 δὲ
1016 1609 1055 1653 καὶ
1065 1604 1135 1655 πόλις

207 1672 270 1718 διδοῖ.
305 1669 395 1728 Itaque
411 1667 548 1728 Euripides
560 1669 661 1730 scripsit
677 1668 751 1717 Arch.
769 1669 868 1728 Fragm.
886 1670 996 1717 x.=234
1013 1670 1053 1718 οὐκ
1071 1671 1136 1718 ἔστιν

205 1734 271 1782 ὅστις
286 1733 357 1791 ἡδέως
381 1734 456 1796 ζητῶν
473 1734 545 1794 βιοῦν,
573 1737 598 1781 et
623 1733 722 1792 Fragm
751 1732 803 1780 Inc.
830 1734 1002 1783 (κυνῆν-911
1019 1737 1070 1795 βιοῖ
1085 1735 1135 1794 γὰρ

205 1797 277 1846 οὐδεὶς
293 1799 319 1846 όν
338 1799 483 1858 προαιρεῖται
499 1797 594 1857 τρόπον.
625 1797 720 1852 Cobet,
735 1810 811 1858 quem
829 1798 854 1844 et
871 1796 956 1856 ipsum
975 1797 1041 1844 male
1057 1797 1134 1846 habet

203 1862 277 1924 βιοῦν,
295 1862 349 1921 ipse
369 1875 442 1908 suam
461 1861 630 1920 conjecturam
644 1860 748 1921 profert,
767 1863 795 1907 rt
814 1861 855 1918 ζῆν
870 1864 922 1922 βίον
935 1864 1041 1924 ἀβίωτον.
1085 1861 1134 1921 Qui

204 1924 271 1985 quod
282 1925 352 1973 addit
360 1925 471 1971 “nullus
482 1925 551 1972 enim
568 1925 677 1972 articulo
684 1926 725 1971 τόν
732 1924 802 1971 locus
813 1925 876 1981 est‚''
888 1925 943 1985 ejus
958 1926 995 1973 rei
1009 1925 1134 1974 rationem

203 2003 255 2036 non
272 1990 353 2037 video.
388 1991 489 2050 ἀβίωτον
499 1991 540 2036 τόν
550 1992 602 2051 βίον
614 1988 657 2036 dat
673 1989 745 2037 Dem.
760 1988 820 2037 Mid.
834 2003 859 2049 p.
872 1990 918 2040 557
930 1993 942 2050 5
955 1990 1009 2047 131,
1022 1989 1129 2039 Timocr.

204 2067 227 2114 p.
240 2054 371 2113 7445141.
406 2053 539 2114 Exemplis
549 2052 664 2113 pluribus
673 2052 828 2112 supersedeo.
864 2052 943 2100 Credo
949 2053 1033 2101 locum
1041 2068 1133 2101 sanum

203 2131 265 2166 esse.
309 2118 375 2164 Nam
392 2117 436 2177 qui
452 2117 591 2176 proverbiis
612 2119 721 2164 utuntur
739 2115 964 2177 breviloquentiam
984 2119 1132 2166 affectantes

202 2181 287 2229 lectori
303 2182 345 2228 vel
367 2180 478 2229 auditori
495 2196 560 2241 quae
576 2182 700 2229 omittunt
720 2181 861 2240 supplenda
876 2180 1033 2243 relinquunt.
1070 2182 1132 2242 Quis

202 2260 255 2292 non
276 2245 394 2293 meminit
410 2244 469 2307 γόνυ
486 2245 581 2304 κνήμης,
600 2245 643 2293 σόν
659 2263 686 2292 τε
705 2244 738 2292 δύ’
757 2248 882 2306 ἐρχομένω,
902 2248 1032 2294 advorsum
1048 2249 1132 2294 stimu-

204 2312 254 2357 lam
280 2311 365 2369 calces,
385 2315 549 2357 trumbertum
571 2314 693 2368 unquam?
721 2308 794 2368 Quod
815 2309 916 2369 plenius
937 2310 1041 2359 Aristot.
1067 2310 1128 2360 Eth.

202 2374 258 2422 Nic.
275 2387 303 2423 11.
324 2373 394 2432 9=9,
410 2367 572 2421 ddicit‘scrd
587 2373 628 2421 τόν
648 2371 754 2431 δεύτερόν
770 2380 831 2433 φασι
849 2375 931 2430 πλοῦν,
948 2373 1049 2421 brevius
1066 2373 1130 2423 Plat.

202 2437 297 2485 Phaed.
315 2438 345 2487 99
357 2437 380 2484 D
396 2436 487 2484 maluit
503 2439 545 2485 τόν
557 2438 665 2497 δεύτερον
676 2438 757 2495 πλοῦν,
776 2437 908 2484 obscurius
925 2437 971 2498 (ita
987 2440 1074 2485 tamon
1091 2438 1132 2485 ob-

203 2517 274 2551 scure
298 2503 328 2548 ut
352 2500 460 2560 intelligi
484 2500 582 2563 debeat)
605 2501 673 2548 idem
696 2499 793 2548 Phileb.
810 2515 833 2560 p.
855 2503 885 2548 59
903 2500 922 2548 0
941 2501 1056 2563 δεύτερος.
1100 2502 1133 2548 In

201 2565 317 2627 Aeschyl.
338 2565 425 2625 Suppl.
452 2565 507 2620 760,
531 2565 587 2622 761,
603 2565 658 2612 ἀλλΙ
676 2563 730 2612 ἔστι
749 2567 817 2624 φήμη
833 2565 886 2613 τούς
908 2563 992 2614 λόκους
1013 2568 1131 2624 κρείσσους

202 2629 290 2694 surici
306 2632 374 2677 εῖναι·
390 2628 482 2690 βύβλου
498 2631 524 2676 δὲ
540 2629 628 2689 καρπός
650 2628 676 2676 οὐ
700 2630 781 2688 κρατεῖ
804 2630 896 2689 στάχυν
920 2630 1002 2676 multa
1022 2643 1063 2676 me
1087 2629 1132 2676 diu

202 2693 339 2741 sollicitum
355 2692 457 2740 habent.
491 2692 572 2752 Quare
592 2691 657 2740 roda
681 2692 779 2741 λόκουςῖ
813 2692 879 2752 Quid
899 2695 964 2753 εῖναι,
983 2693 1131 2753 praesertim

201 2758 228 2805 in
245 2758 290 2805 illa
306 2756 423 2818 emphasi
449 2755 636 2804 collocationis?
670 2755 737 2816 Quid
762 2755 830 2816 quod
857 2755 950 2817 βύβλου
977 2759 1055 2803 iambi
1077 2756 1132 2804 vice

201 2822 330 2882 iungitur?
363 2821 460 2868 Locum
481 2819 668 2868 rescribendum
689 2819 774 2868 credo:
799 2819 855 2868 ἀλλ’
875 2821 928 2868 ἔστι
950 2823 1017 2882 φήμη
1040 2823 1132 2881 κρείσ-

199 3016 640 3137 sl{discussisset
689 3017 731 3127 ti
739 3015 881 3138 tatu
889 3015 941 3126 310
954 3013 1133 3137 {irritu

198 3142 226 3189 in
237 3142 301 3190 Plat.
314 3142 415 3190 Phaedo
431 3157 455 3202 p.
469 3143 531 3192 940
547 3145 641 3191 ἐναντία
689 3145 803 3201 ἐλυμήνω.
825 3141 902 3201 Soph.
914 3141 998 3200 Antig.
1010 3141 1072 3190 1068
1081 3140 1130 3191 ἀνθ’

199 3207 264 3268 ᾄδειν
279 3208 318 3255 οῖς
331 3209 507 3254 ἐπιτείνοντα
518 3207 579 3268 (ταῖς
590 3209 640 3254 ἐτι·
690 3208 721 3255 ὦν
732 3211 793 3267 ἔχεις
802 3209 846 3265 μέν
850 3243 908 3254 ......
912 3209 972 3266 ἔχεις
983 3207 1016 3253 δέ.
1209 3211 1211 3216 ’

199 3272 291 3326 τόσεσι)
300 3271 592 3332 καὶχαλῷτοηχαλάσεσι)
603 3273 641 3318 καῖ
720 3271 798 3331 5264.
826 3271 960 3332 βιάσονται]
978 3269 1129 3319 SeeButtm.

199 3336 317 3382 τάλλοιτο
325 3336 488 3394 (ταλμοΐςλκαί
496 3337 557 3382 ἄλλο
564 3336 640 3383 ὁτιοῦν
689 3335 746 3383 lac.
755 3335 996 3395 Μόά.-συγγνώμην
1006 3334 1042 3382 α’δ.
1051 3337 1131 3397 βοηθ]

199 3399 274 3447 πάθος
281 3399 372 3457 πάσχοι
380 3401 457 3456 (ἄλλῳ
464 3399 551 3457 ὁτῳοῦν
559 3398 640 3462 πάθει)
689 3399 711 3446 A
721 3397 864 3459 proverbial
874 3398 1028 3458 expression:
1048 3399 1098 3446 “It
1108 3399 1131 3446 is

199 3464 274 3511 κ,τ.λ.
307 3461 363 3522 (See
374 3460 518 3524 Heindorf.)
550 3461 636 3522 Gomp.
690 3461 823 3510 excusable
837 3465 864 3509 to
879 3461 956 3510 assist
973 3475 988 3509 a
1004 3461 1130 3509 brother.’'

198 3527 252 3574 also
263 3539 281 3573 1.
296 3523 384 3584 Steph.
404 3539 429 3586 p,
442 3527 569 3585 1109§27
583 3527 641 3588 trip
690 3528 831 3587 ξυγγνώμην
866 3527 1009 3588 ἁμαρτάνειν
1047 3523 1132 3585 α’νθρω-

198 3591 240 3639 τοῦ
250 3591 282 3649 μὴ
293 3589 372 3636 δοῦναι
383 3590 448 3647 δίκην
459 3589 492 3637 ὧν
506 3593 641 3650 διεφθάρκει
690 3593 760 3638 τίνως
771 3593 888 3652 λήψονται
900 3590 978 3638 Thuc.
986 3603 1026 3636 111.
1033 3589 1065 3636 40
1073 3602 1131 3650 very

198 3656 228 3714 ἢν
243 3655 295 3714 ἐμοὶ
310 3655 353 3713 μὲν
369 3655 395 3701 οὐ
408 3655 481 3702 καλὸν
491 3657 570 3716 λέγειν
582 3654 607 3716 (i
617 3669 640 3704 a.
689 3654 777 3716 nearly
788 3655 906 3715 parallels
918 3668 964 3702 our
975 3665 1089 3714 passage.
