2644 4156
626 249 644 310 5

167 403 325 470 ἀπελθεῖν·
346 403 400 470 καῖ
421 403 502 470 όπου
523 403 562 468 ἂν
583 403 659 470 ὄντα
679 403 840 471 πύθωνται
858 401 1034 482 Φιλιππου,
1055 403 1103 470 δεῖ

167 505 276 576 αὐτοὺς
297 505 448 572 ἀπελθεῖν
465 507 517 571 καὶ
540 507 665 572 ἐκεῖσε10
687 505 755 576 τοῖς
777 505 885 590 όρκους
905 506 1027 583 λαβεῖν.
1072 504 1104 570 οῖ

167 602 200 668 δὲ
213 605 281 686 μὴ11
296 606 477 676 πεισθέντες
491 611 568 690 πεζῇ
586 607 742 688 α’πῆλθον,
765 607 817 672 καὶ
838 607 880 675 εἰς
902 605 1102 672 Μακεδονίαν

166 703 356 776 ἀπελθόντες
367 707 519 774 ἐκάθισαν
529 707 620 779 όλους
631 715 712 795 τρεῖς
725 713 832 791 μῆνας,
852 710 859 796 Ι
877 709 934 779 ἕως
945 707 981 773 αὖ
993 706 1103 774 πολλά
1119 717 1180 782 337

166 811 228 872 τῶν
251 806 428 888 Ἀθηναίων
450 810 553 898 χωρία
581 812 809 896 καταστρέψας
837 808 1015 894 ὑπέστρεφε
1043 809 1102 875 Φί-

167 920 295 988 λιππος,
322 913 355 978 ἐν
380 911 426 982 οῖς
451 913 505 978 καὶ
528 913 790 998 Κερσοβλέπτης.
835 913 888 977 καὶ
919 912 1019 978 ε’λθών
1047 910 1102 978 οὐκ

167 1011 254 1082 εὐθὺς
276 1013 439 1101 παρέσχεν
461 1014 565 1086 αὐτοῖς
591 1016 660 1086 τοὺς
683 1014 801 1103 ὅρκους,
831 1012 905 1080 ἀλλ’
931 1012 1101 1080 εἱλκυσεν”

168 1113 285 1192 αὐτούς,
302 1117 358 1187 ἕως
371 1117 542 1204 ηἰτρέπισε
557 1118 614 1200 τὴν
629 1117 682 1182 ἐπὶ
696 1118 826 1188 Φωκέας
841 1118 1017 1203 στρατείαν,
1034 1117 1101 1184 καί·

167 1243 216 1282 τοι
238 1219 528 1304 πρεσβευσαμένων
552 1220 629 1303 πρὸς
654 1219 748 1287 αὐτόν
776 1221 912 1286 Φωκέων
939 1220 1013 1306 περὶ
1036 1221 1102 1286 δια-
1174 1283 1179 1292 ,

167 1318 289 1390 λύσεως
303 1325 360 1385 τοῦ
374 1321 523 1400 πολέμου.
568 1323 620 1386 καὶ
644 1322 823 1404 ἐξελθόντος
843 1322 938 1388 αὐτοῦ
959 1322 1012 1387 ἐπί
1031 1323 1102 1393 τοῖς

168 1421 305 1496 Φωκέας,
327 1420 397 1487 α’ντί
420 1427 473 1488 τοῦ
496 1428 678 1510 παρασχεῖν
699 1425 731 1489 ἐν
755 1424 825 1510 ἱερῷ
847 1425 918 1492 τοὺς
939 1421 1054 1508 όρκους·
1068 1423 1102 1488 ἐν

168 1523 370 1611 πανδοχείιρ13
389 1523 536 1610 παρέσχε
557 1524 658 1606 λέγων
680 1524 759 1590 οἱίτω
782 1534 799 1570 ‘5
808 1525 988 1607 σπένδομαι
1008 1524 1102 1604 Ἀθη-

168 1627 264 1698 ναίοις
279 1628 331 1692 καὶ
351 1634 415 1720 τοῖς
436 1628 613 1710 Ἀθηναίων
634 1630 815 1718 συμμάχοις
836 1632 934 1719 χωρὶς
954 1629 1102 1696 Ἀλέων“

168 1731 220 1794 καὶ
242 1729 403 1797 Φωκέων.”
446 1730 536 1814 ἔλεγε
556 1733 617 1820 γάρ
639 1732 687 1798 ότι
710 1733 741 1798 οἱ
758 1736 865 1806 Ἀλεῖς
889 1735 997 1822 ἐχθροὶ
1020 1733 1103 1814 ἦσαν

168 1835 229 1896 τῶν
243 1833 350 1918 φίλων
363 1859 431 1914 μου,
448 1838 509 1898 τῶν
524 1835 727 1918 Φαρσαλίων·
749 1839 895 1902 Φωκεῦσι
910 1836 944 1901 δὲ
958 1835 994 1902 οὗ
1008 1837 1102 1902 σπέν·

168 1933 268 2014 δομαι,
298 1933 466 2022 ἐπειδήπερ
494 1935 663 2018 ἠσέβησαν
685 1937 729 2008 εἰς
754 1937 791 2003 τό
817 1935 928 2024 ἱερόν.1
951 1937 1103 2018 ἐλθούσης

168 2033 223 2100 οὖν
243 2039 298 2116 τῆς
319 2036 462 2124 δευτέρας
484 2039 659 2122 πρεσβείας
674 2039 716 2108 εἰς
730 2038 785 2119 τὴν
803 2038 953 2118 Ἀττικὴν
967 2038 983 2103 ό
997 2044 1102 2120 Δημο-

167 2136 281 2216 σθένης
304 2140 478 2219 ἐστασίαζε,
496 2141 599 2221 λέγων
616 2139 664 2206 ότι
687 2140 743 2206 οὐκ
760 2140 887 2226 ἀρέσκει
910 2167 965 2221 μοι
986 2141 1027 2204 τὰ
1043 2139 1104 2206 ὑπὸ

168 2241 338 2306 Φιλίππου
352 2239 526 2324 δεδογμένα.
570 2241 586 2306 ὁ
601 2240 635 2306 δὲ
648 2242 804 2329 Αἰσχίνης
819 2243 927 2325 ἔλεγεν
941 2241 990 2308 ότι
1004 2246 1103 2308 ταῦτα

168 2340 237 2408 εἰπε
251 2341 418 2412 Φίλιππος
441 2345 473 2408 ἐν
493 2346 539 2430 τῷ
558 2348 683 2430 φανερῷ
703 2344 771 2426 ἐμοὶ
791 2343 824 2408 δέ
842 2343 927 2410 εἶπεν
944 2345 987 2415 εἰς
1001 2346 1038 2411 τὸ
1052 2344 1103 2416 οὖς

167 2445 216 2510 ότι
232 2452 250 2479 “
258 2444 345 2525 πλὴν
359 2444 481 2510 Ἀλέων
495 2445 548 2510 καὶ
563 2445 699 2510 Φωκέων
713 2445 810 2522 εἰπον,
828 2443 877 2511 ίυα
890 2444 933 2528 μὴ
951 2444 1103 2528 μαθόντες

167 2551 309 2628 Θηβαῖοι
331 2549 632 2636 παραφυλάξανται·
660 2549 770 2620 αὐτοῖς
797 2548 858 2633 γὰρ
886 2549 1103 2637 εἰσερχόμενος

167 2649 328 2728 άπολέσω,
343 2651 470 2721 τούτους
485 2651 519 2715 δὲ
533 2649 656 2716 σώσω.”
693 2653 724 2717 οἱ
737 2651 770 2716 δέ
784 2651 947 2732 Ἀθηναῖοι
957 2651 1102 2716 πεισθέν-

168 2779 218 2823 τες
232 2748 374 2840 Αἰσχίνῃ
393 2740 635 2838 ἐχειροτόνησαν
652 2751 762 2847 τρίτην
783 2753 967 2838 πρεσβείαν,
985 2752 1101 2831 βουλό-

167 2883 255 2937 μενοι
276 2856 389 2939 μαθεῖν
403 2857 431 2921 εἰ
452 2855 606 2943 φυλάττει
628 2847 794 2926 Φίλιππος
816 2855 857 2920 τά
876 2853 928 2920 ὑπ’
945 2854 1102 2952 Αἰσχίνου

167 2960 330 3049 λεχθέντα.
374 2961 427 3025 καὶ
452 2960 635 3044 ἐξωμόσατο
664 2958 869 3040 Δημοσθένης
896 2956 976 3038 μήτε
1004 2983 1102 3039 πρεσ-

168 3066 284 3139 βεῦσαι
298 3062 377 3145 μήτε
391 3067 554 3139 κοινωνεῖν,
570 3063 632 3127 εἴτε
646 3063 750 3131 καλῶς
764 3061 826 3125 εἴτε
840 3063 941 3128 κακῶς
955 3056 1070 3145 πράξει
1084 3057 1103 3138 ἦ

168 3266 217 3316 end
233 3266 291 3316 that
309 3267 373 3329 they
389 3265 502 3328 might...
514 3268 529 3293 ”
548 3279 612 3326 quae
662 3265 718 3326 (pro
729 3264 822 3324 καίπερ)
833 3261 920 3324 paullo
930 3260 1003 3310 infra.

168 3331 321 3391 significatio
343 3329 538 3393 praepositionis
558 3344 612 3378 non
694 3329 748 3378 337.
785 3327 834 3392 (12)
863 3321 1013 3382 “distulit,‘¹
1051 3325 1103 3374 vid.

168 3395 423 3458 abhorretapuriore
434 3394 542 3442 saeoulo.
561 3394 609 3457 (10)
662 3392 769 3442 Scmr.
804 3391 853 3452 (13)
871 3388 951 3438 Attici
966 3391 1105 3438 πανδοκεῖον

167 3456 217 3508 vix
226 3473 330 3508 αυοειεε
341 3461 380 3508 est
394 3459 517 3506 rescribas
534 3460 612 3508 ἐκεῖσε
660 3456 768 3505 utDem.
782 3469 806 3516 p.
821 3455 868 3505 396
877 3455 950 3514 §175¹
967 3453 1023 3503 vid.
1038 3453 1101 3503 Lob.

169 3521 401 3585 mulinhujusmodi
409 3522 539 3583 scriptore.
558 3520 608 3584 (11)
661 3519 693 3568 ad
712 3517 805 3580 Phryn.
822 3532 847 3579 p.
862 3520 918 3570 307.
952 3518 1002 3578 (14)
1015 3519 1106 3566 Ἀλέαν

167 3591 200 3646 μὴ
227 3587 352 3648 sequioris
385 3590 424 3636 est
457 3585 611 3640 Graecitatis
660 3586 686 3633 et
705 3587 786 3634 ’Δλεΐς
802 3583 885 3632 Bm.
902 3581 996 3644 [em]
1014 3581 1059 3642 qui
1075 3581 1105 3628 in

169 3651 243 3712 (quae
254 3655 282 3702 οὐ
297 3651 431 3713 participio
445 3650 611 3711 conjunctum
659 3649 716 3710 ipsa
726 3647 841 3699 oratione
853 3645 974 3708 spiritum
985 3658 1104 3707 asperum

168 3714 300 3766 fastidiose
318 3714 468 3776 contemnit)
486 3716 517 3763 ut
534 3716 611 3764 καίτοι
660 3716 753 3762 servat.
