<?xml version="1.0" encoding="UTF-8"?>
<!DOCTYPE html PUBLIC "-//W3C//DTD XHTML 1.0 Transitional//EN"
    "http://www.w3.org/TR/xhtml1/DTD/xhtml1-transitional.dtd">
<html xmlns="http://www.w3.org/1999/xhtml" xml:lang="en" lang="en">
 <head>
  <title>
</title>
<meta http-equiv="Content-Type" content="text/html;charset=utf-8" />
  <meta name='ocr-system' content='tesseract 3.04.00' />
  <meta name='ocr-capabilities' content='ocr_page ocr_carea ocr_par ocr_line ocrx_word'/>
</head>
<body>
  <div class='ocr_page' id='page_1' title='image "./demosthenisdefa00shilgoog_0232.png"; bbox 0 0 2716 4146; ppageno 0'>
   <div class='ocr_carea' id='block_1_1' title="bbox 411 221 1137 290">
    <p class='ocr_par' dir='ltr' id='par_1_1' title="bbox 411 221 1137 290">
     <span class='ocr_line' id='line_1_1' title="bbox 411 221 1137 290; baseline 0.004 -4"><span class='ocrx_word' id='word_1_1' title='bbox 411 223 472 287; x_wconf 90' lang='lat' dir='ltr'>DE</span> <span class='ocrx_word' id='word_1_2' title='bbox 500 221 643 288; x_wconf 83' lang='lat' dir='ltr'>FALSA</span> <span class='ocrx_word' id='word_1_3' title='bbox 670 223 930 289; x_wconf 80' lang='lat' dir='ltr'><strong>LEGATIONE.</strong></span> <span class='ocrx_word' id='word_1_4' title='bbox 1075 227 1137 290; x_wconf 76' lang='lat'>217</span> 
     </span>
    </p>
   </div>
   <div class='ocr_carea' id='block_1_2' title="bbox 127 378 1297 1190">
    <p class='ocr_par' dir='ltr' id='par_1_2' title="bbox 127 378 1297 1190">
     <span class='ocr_line' id='line_1_2' title="bbox 199 378 1137 466; baseline -0.001 -22"><span class='ocrx_word' id='word_1_5' title='bbox 199 407 262 444; x_wconf 91' lang='grc' dir='ltr'>σαν</span> <span class='ocrx_word' id='word_1_6' title='bbox 287 381 340 444; x_wconf 86' lang='grc' dir='ltr'>καῖ</span> <span class='ocrx_word' id='word_1_7' title='bbox 361 385 444 465; x_wconf 87' lang='grc' dir='ltr'>τρεῖς</span> <span class='ocrx_word' id='word_1_8' title='bbox 469 384 532 445; x_wconf 83' lang='grc' dir='ltr'>τῶν</span> <span class='ocrx_word' id='word_1_9' title='bbox 560 380 776 466; x_wconf 85' lang='grc' dir='ltr'>πολεμάρχων</span> <span class='ocrx_word' id='word_1_10' title='bbox 805 379 991 446; x_wconf 79' lang='grc' dir='ltr'>ἀπέκτειναν</span> <span class='ocrx_word' id='word_1_11' title='bbox 1020 378 1073 445; x_wconf 88' lang='grc' dir='ltr'>καὶ</span> <span class='ocrx_word' id='word_1_12' title='bbox 1101 378 1137 444; x_wconf 86' lang='grc' dir='ltr'>τὸ</span> 
     </span>
     <span class='ocr_line' id='line_1_3' title="bbox 200 479 1137 561; baseline 0 -18"><span class='ocrx_word' id='word_1_13' title='bbox 200 486 387 556; x_wconf 89' lang='grc' dir='ltr'>τελευταῖον,</span> <span class='ocrx_word' id='word_1_14' title='bbox 404 479 489 551; x_wconf 82' lang='grc' dir='ltr'>δπως</span> <span class='ocrx_word' id='word_1_15' title='bbox 510 481 690 559; x_wconf 81' lang='grc' dir='ltr'>ἐβούλοντο,</span> <span class='ocrx_word' id='word_1_16' title='bbox 707 480 789 546; x_wconf 65' lang='grc' dir='ltr'>οὕτω</span> <span class='ocrx_word' id='word_1_17' title='bbox 812 482 866 546; x_wconf 80' lang='grc' dir='ltr'>τὸν</span> <span class='ocrx_word' id='word_1_18' title='bbox 890 481 1030 561; x_wconf 85' lang='grc' dir='ltr'>πόλεμον</span> <span class='ocrx_word' id='word_1_19' title='bbox 1049 506 1137 544; x_wconf 87' lang='grc' dir='ltr'>κατε-</span> 
     </span>
     <span class='ocr_line' id='line_1_4' title="bbox 127 581 1204 669; baseline -0.001 -22"><span class='ocrx_word' id='word_1_20' title='bbox 127 601 185 656; x_wconf 84' lang='lat'>300</span> <span class='ocrx_word' id='word_1_21' title='bbox 200 583 296 648; x_wconf 88' lang='grc' dir='ltr'>θεντο.</span> <span class='ocrx_word' id='word_1_22' title='bbox 342 583 447 664; x_wconf 82' lang='grc' dir='ltr'>ἐπειδὴ</span> <span class='ocrx_word' id='word_1_23' title='bbox 474 583 508 649; x_wconf 88' lang='grc' dir='ltr'>δὲ</span> <span class='ocrx_word' id='word_1_24' title='bbox 538 583 721 669; x_wconf 79' lang='grc' dir='ltr'>δωροδοκεῖν</span> <span class='ocrx_word' id='word_1_25' title='bbox 746 582 881 669; x_wconf 81' lang='grc' dir='ltr'>ἤρξαντό</span> <span class='ocrx_word' id='word_1_26' title='bbox 910 609 996 659; x_wconf 85' lang='grc' dir='ltr'>τινες,</span> <span class='ocrx_word' id='word_1_27' title='bbox 1022 582 1074 648; x_wconf 85' lang='grc' dir='ltr'>καὶ</span> <span class='ocrx_word' id='word_1_28' title='bbox 1098 581 1137 648; x_wconf 83' lang='grc' dir='ltr'>δι’</span> <span class='ocrx_word' id='word_1_29' title='bbox 1150 591 1204 666; x_wconf 83' lang='lat'>265</span> 
     </span>
     <span class='ocr_line' id='line_1_5' title="bbox 198 682 1135 772; baseline -0.003 -24"><span class='ocrx_word' id='word_1_30' title='bbox 198 682 388 769; x_wconf 82' lang='grc' dir='ltr'>ἀβελτερίαν</span> <span class='ocrx_word' id='word_1_31' title='bbox 403 684 433 748; x_wconf 88' lang='grc' dir='ltr'>οἱ</span> <span class='ocrx_word' id='word_1_32' title='bbox 454 686 581 763; x_wconf 88' lang='grc' dir='ltr'>πολλοί,</span> <span class='ocrx_word' id='word_1_33' title='bbox 597 689 726 766; x_wconf 82' lang='grc' dir='ltr'>μᾶλλον</span> <span class='ocrx_word' id='word_1_34' title='bbox 746 684 779 748; x_wconf 86' lang='grc' dir='ltr'>δὲ</span> <span class='ocrx_word' id='word_1_35' title='bbox 799 683 850 748; x_wconf 78' lang='grc' dir='ltr'>διὰ</span> <span class='ocrx_word' id='word_1_36' title='bbox 871 682 1052 772; x_wconf 87' lang='grc' dir='ltr'>δυστυχίαν,</span> <span class='ocrx_word' id='word_1_37' title='bbox 1067 682 1135 746; x_wconf 87' lang='grc' dir='ltr'>τού-</span> 
     </span>
     <span class='ocr_line' id='line_1_6' title="bbox 198 786 1134 874; baseline 0.001 -25"><span class='ocrx_word' id='word_1_38' title='bbox 198 811 271 856; x_wconf 93' lang='grc' dir='ltr'>τους</span> <span class='ocrx_word' id='word_1_39' title='bbox 285 789 490 874; x_wconf 80' lang='grc' dir='ltr'>πιστοτέρους</span> <span class='ocrx_word' id='word_1_40' title='bbox 504 787 664 868; x_wconf 77' lang='grc' dir='ltr'>ἡγήσαντο</span> <span class='ocrx_word' id='word_1_41' title='bbox 684 791 746 853; x_wconf 85' lang='grc' dir='ltr'>τῶν</span> <span class='ocrx_word' id='word_1_42' title='bbox 760 787 840 871; x_wconf 81' lang='grc' dir='ltr'>ὑπὲρ</span> <span class='ocrx_word' id='word_1_43' title='bbox 855 786 957 852; x_wconf 80' lang='grc' dir='ltr'>αὑτῶν</span> <span class='ocrx_word' id='word_1_44' title='bbox 970 787 1134 869; x_wconf 85' lang='grc' dir='ltr'>λεγόντων,</span> 
     </span>
     <span class='ocr_line' id='line_1_7' title="bbox 198 887 1211 976; baseline 0 -23"><span class='ocrx_word' id='word_1_45' title='bbox 198 888 252 953; x_wconf 89' lang='grc' dir='ltr'>καὶ</span> <span class='ocrx_word' id='word_1_46' title='bbox 266 887 431 965; x_wconf 83' lang='grc' dir='ltr'>Λασθένης</span> <span class='ocrx_word' id='word_1_47' title='bbox 452 890 510 970; x_wconf 81' lang='grc' dir='ltr'>μὲν</span> <span class='ocrx_word' id='word_1_48' title='bbox 528 888 533 975; x_wconf 85' lang='grc' dir='ltr'>Ι</span> <span class='ocrx_word' id='word_1_49' title='bbox 553 889 656 976; x_wconf 71' lang='grc' dir='ltr'>ἤρεψε</span> <span class='ocrx_word' id='word_1_50' title='bbox 674 889 731 966; x_wconf 84' lang='grc' dir='ltr'>τὴν</span> <span class='ocrx_word' id='word_1_51' title='bbox 744 889 845 953; x_wconf 84' lang='grc' dir='ltr'>οἰκίαν</span> <span class='ocrx_word' id='word_1_52' title='bbox 860 893 924 958; x_wconf 88' lang='grc' dir='ltr'>τοῖς</span> <span class='ocrx_word' id='word_1_53' title='bbox 940 890 974 952; x_wconf 84' lang='grc' dir='ltr'>ἐκ</span> <span class='ocrx_word' id='word_1_54' title='bbox 990 887 1135 953; x_wconf 91' lang='grc' dir='ltr'>Μακεδο-</span> <span class='ocrx_word' id='word_1_55' title='bbox 1146 892 1211 969; x_wconf 86' lang='grc'>426</span> 
     </span>
     <span class='ocr_line' id='line_1_8' title="bbox 198 985 1135 1072; baseline 0.001 -22"><span class='ocrx_word' id='word_1_56' title='bbox 198 987 264 1055; x_wconf 82' lang='grc' dir='ltr'>νίας</span> <span class='ocrx_word' id='word_1_57' title='bbox 279 985 397 1051; x_wconf 85' lang='grc' dir='ltr'>δοθεῖσι</span> <span class='ocrx_word' id='word_1_58' title='bbox 409 986 523 1068; x_wconf 80' lang='grc' dir='ltr'>ξύλοις,</span> <span class='ocrx_word' id='word_1_59' title='bbox 537 986 738 1072; x_wconf 79' lang='grc' dir='ltr'>Εὐθυκράτης</span> <span class='ocrx_word' id='word_1_60' title='bbox 753 985 786 1050; x_wconf 88' lang='grc' dir='ltr'>δὲ</span> <span class='ocrx_word' id='word_1_61' title='bbox 800 987 878 1061; x_wconf 87' lang='grc' dir='ltr'>βοῦς</span> <span class='ocrx_word' id='word_1_62' title='bbox 890 986 1000 1072; x_wconf 78' lang='grc' dir='ltr'>ἔτρεφε</span> <span class='ocrx_word' id='word_1_63' title='bbox 1011 985 1135 1057; x_wconf 81' lang='grc' dir='ltr'>πολλὰς</span> 
     </span>
     <span class='ocr_line' id='line_1_9' title="bbox 197 1085 1297 1190; baseline -0.003 -38"><span class='ocrx_word' id='word_1_64' title='bbox 197 1085 289 1169; x_wconf 83' lang='grc' dir='ltr'>τιμήν</span> <span class='ocrx_word' id='word_1_65' title='bbox 303 1086 403 1152; x_wconf 81' lang='grc' dir='ltr'>οὐδενὶ</span> <span class='ocrx_word' id='word_1_66' title='bbox 423 1087 501 1167; x_wconf 78' lang='grc' dir='ltr'>δούς,</span> <span class='ocrx_word' id='word_1_67' title='bbox 524 1087 627 1172; x_wconf 83' lang='grc' dir='ltr'>ἕτερος</span> <span class='ocrx_word' id='word_1_68' title='bbox 650 1086 683 1151; x_wconf 91' lang='grc' dir='ltr'>δέ</span> <span class='ocrx_word' id='word_1_69' title='bbox 706 1113 754 1156; x_wconf 87' lang='grc' dir='ltr'>τις</span> <span class='ocrx_word' id='word_1_70' title='bbox 777 1085 848 1168; x_wconf 81' lang='grc' dir='ltr'>ήκεν</span> <span class='ocrx_word' id='word_1_71' title='bbox 871 1085 954 1173; x_wconf 81' lang='grc' dir='ltr'>ἔχων</span> <span class='ocrx_word' id='word_1_72' title='bbox 975 1087 1134 1173; x_wconf 81' lang='grc' dir='ltr'>πρόβατα,</span> <span class='ocrx_word' id='word_1_73' title='bbox 1250 1135 1297 1190; x_wconf 54' lang='grc' dir='ltr'><em>Ν</em></span> 
     </span>
    </p>
   </div>
   <div class='ocr_carea' id='block_1_3' title="bbox 196 1187 1135 1376">
    <p class='ocr_par' dir='ltr' id='par_1_3' title="bbox 196 1187 1135 1376">
     <span class='ocr_line' id='line_1_10' title="bbox 197 1187 1135 1284; baseline 0.003 -33"><span class='ocrx_word' id='word_1_74' title='bbox 197 1188 297 1256; x_wconf 78' lang='grc' dir='ltr'>ἄλλος</span> <span class='ocrx_word' id='word_1_75' title='bbox 318 1187 351 1252; x_wconf 85' lang='grc' dir='ltr'>δέ</span> <span class='ocrx_word' id='word_1_76' title='bbox 374 1215 422 1258; x_wconf 90' lang='grc' dir='ltr'>τις</span> <span class='ocrx_word' id='word_1_77' title='bbox 446 1189 569 1264; x_wconf 81' lang='grc' dir='ltr'>ἵππους,</span> <span class='ocrx_word' id='word_1_78' title='bbox 586 1187 617 1252; x_wconf 82' lang='grc' dir='ltr'>οἱ</span> <span class='ocrx_word' id='word_1_79' title='bbox 635 1188 669 1252; x_wconf 88' lang='grc' dir='ltr'>δὲ</span> <span class='ocrx_word' id='word_1_80' title='bbox 688 1188 807 1253; x_wconf 86' lang='grc' dir='ltr'>πολλοὶ</span> <span class='ocrx_word' id='word_1_81' title='bbox 828 1187 883 1252; x_wconf 78' lang='grc' dir='ltr'>καὶ</span> <span class='ocrx_word' id='word_1_82' title='bbox 905 1187 1033 1284; x_wconf 43' lang='grc' dir='ltr'>ὢν</span> <span class='ocrx_word' id='word_1_83' title='bbox 1048 1189 1135 1254; x_wconf 85' lang='grc' dir='ltr'>ταῦτ’</span> 
     </span>
     <span class='ocr_line' id='line_1_11' title="bbox 196 1275 1134 1376; baseline 0.001 -22"><span class='ocrx_word' id='word_1_84' title='bbox 196 1290 336 1372; x_wconf 80' lang='grc' dir='ltr'>ἐγίγνετο</span> <span class='ocrx_word' id='word_1_85' title='bbox 352 1288 412 1376; x_wconf 80' lang='grc' dir='ltr'>οὐχ</span> <span class='ocrx_word' id='word_1_86' title='bbox 434 1288 519 1358; x_wconf 68' lang='grc' dir='ltr'>ὅπως</span> <span class='ocrx_word' id='word_1_87' title='bbox 544 1288 708 1375; x_wconf 80' lang='grc' dir='ltr'>ὠργίζοντο</span> <span class='ocrx_word' id='word_1_88' title='bbox 731 1289 751 1368; x_wconf 83' lang='grc' dir='ltr'>ἢ</span> <span class='ocrx_word' id='word_1_89' title='bbox 772 1288 916 1370; x_wconf 71' lang='grc' dir='ltr'>κολάζειν</span> <span class='ocrx_word' id='word_1_90' title='bbox 935 1275 1050 1371; x_wconf 54' lang='grc' dir='ltr'>ἠξίουν</span> <span class='ocrx_word' id='word_1_91' title='bbox 1064 1291 1134 1363; x_wconf 74' lang='grc' dir='ltr'>τοῖς</span> 
     </span>
    </p>
   </div>
   <div class='ocr_carea' id='block_1_4' title="bbox 124 1389 1202 1784">
    <p class='ocr_par' dir='ltr' id='par_1_4' title="bbox 124 1389 1202 1580">
     <span class='ocr_line' id='line_1_12' title="bbox 196 1389 1132 1474; baseline 0.001 -17"><span class='ocrx_word' id='word_1_92' title='bbox 196 1397 297 1458; x_wconf 87' lang='grc' dir='ltr'>ταῦτα</span> <span class='ocrx_word' id='word_1_93' title='bbox 322 1396 499 1470; x_wconf 88' lang='grc' dir='ltr'>ποιοῦντας,</span> <span class='ocrx_word' id='word_1_94' title='bbox 525 1389 598 1454; x_wconf 81' lang='grc' dir='ltr'>ἀλλ’</span> <span class='ocrx_word' id='word_1_95' title='bbox 625 1389 819 1469; x_wconf 77' lang='grc' dir='ltr'>ἀπέβλεπον,</span> <span class='ocrx_word' id='word_1_96' title='bbox 850 1391 986 1471; x_wconf 78' lang='grc' dir='ltr'>ἐζήλουν,</span> <span class='ocrx_word' id='word_1_97' title='bbox 1012 1393 1132 1474; x_wconf 80' lang='grc' dir='ltr'>ἐτίμων,</span> 
     </span>
     <span class='ocr_line' id='line_1_13' title="bbox 124 1491 1202 1580; baseline -0.002 -23"><span class='ocrx_word' id='word_1_98' title='bbox 124 1513 180 1566; x_wconf 85' lang='lat'>301</span> <span class='ocrx_word' id='word_1_99' title='bbox 196 1491 309 1580; x_wconf 82' lang='grc' dir='ltr'>ἄνδρας</span> <span class='ocrx_word' id='word_1_100' title='bbox 334 1493 476 1574; x_wconf 78' lang='grc' dir='ltr'>ἡγοῦντο·</span> <span class='ocrx_word' id='word_1_101' title='bbox 500 1493 606 1572; x_wconf 81' lang='grc' dir='ltr'>ἐπειδή</span> <span class='ocrx_word' id='word_1_102' title='bbox 631 1492 664 1557; x_wconf 81' lang='grc' dir='ltr'>δὲ</span> <span class='ocrx_word' id='word_1_103' title='bbox 686 1491 774 1556; x_wconf 83' lang='grc' dir='ltr'>ταῦθ’</span> <span class='ocrx_word' id='word_1_104' title='bbox 801 1491 881 1557; x_wconf 72' lang='grc' dir='ltr'>οὕτω</span> <span class='ocrx_word' id='word_1_105' title='bbox 904 1493 1061 1576; x_wconf 87' lang='grc' dir='ltr'>προήγετο</span> <span class='ocrx_word' id='word_1_106' title='bbox 1080 1495 1133 1560; x_wconf 85' lang='grc' dir='ltr'>καὶ</span> <span class='ocrx_word' id='word_1_107' title='bbox 1147 1496 1202 1555; x_wconf 84' lang='lat'>266</span> 
     </span>
    </p>

    <p class='ocr_par' dir='ltr' id='par_1_5' title="bbox 195 1593 1132 1680">
     <span class='ocr_line' id='line_1_14' title="bbox 195 1593 1132 1680; baseline 0.002 -23"><span class='ocrx_word' id='word_1_108' title='bbox 195 1593 232 1658; x_wconf 85' lang='grc' dir='ltr'>τὸ</span> <span class='ocrx_word' id='word_1_109' title='bbox 254 1593 435 1678; x_wconf 88' lang='grc' dir='ltr'>δωροδοκεῖν</span> <span class='ocrx_word' id='word_1_110' title='bbox 459 1593 620 1676; x_wconf 83' lang='grc' dir='ltr'>ἐκράτησε,</span> <span class='ocrx_word' id='word_1_111' title='bbox 636 1594 761 1680; x_wconf 85' lang='grc' dir='ltr'>χιλίους</span> <span class='ocrx_word' id='word_1_112' title='bbox 783 1594 841 1676; x_wconf 85' lang='grc' dir='ltr'>μὲν</span> <span class='ocrx_word' id='word_1_113' title='bbox 857 1593 972 1663; x_wconf 83' lang='grc' dir='ltr'>ἱππέας</span> <span class='ocrx_word' id='word_1_114' title='bbox 987 1597 1132 1676; x_wconf 84' lang='grc' dir='ltr'>κεκτημέ-</span> 
     </span>
    </p>

    <p class='ocr_par' dir='ltr' id='par_1_6' title="bbox 196 1693 1131 1784">
     <span class='ocr_line' id='line_1_15' title="bbox 196 1693 1131 1784; baseline 0.002 -26"><span class='ocrx_word' id='word_1_115' title='bbox 196 1721 250 1774; x_wconf 89' lang='grc' dir='ltr'>νοι,</span> <span class='ocrx_word' id='word_1_116' title='bbox 266 1695 395 1765; x_wconf 90' lang='grc' dir='ltr'>πλείους</span> <span class='ocrx_word' id='word_1_117' title='bbox 410 1693 435 1759; x_wconf 88' lang='grc' dir='ltr'>δ’</span> <span class='ocrx_word' id='word_1_118' title='bbox 452 1693 569 1774; x_wconf 84' lang='grc' dir='ltr'>ὄντεςῆ</span> <span class='ocrx_word' id='word_1_119' title='bbox 591 1693 703 1780; x_wconf 79' lang='grc' dir='ltr'>μύριοι,</span> <span class='ocrx_word' id='word_1_120' title='bbox 719 1693 840 1762; x_wconf 89' lang='grc' dir='ltr'>πάντας</span> <span class='ocrx_word' id='word_1_121' title='bbox 855 1693 889 1758; x_wconf 86' lang='grc' dir='ltr'>δὲ</span> <span class='ocrx_word' id='word_1_122' title='bbox 903 1695 974 1764; x_wconf 82' lang='grc' dir='ltr'>τοὺς</span> <span class='ocrx_word' id='word_1_123' title='bbox 995 1697 1131 1784; x_wconf 78' lang='grc' dir='ltr'>περιχώ-</span> 
     </span>
    </p>
   </div>
   <div class='ocr_carea' id='block_1_5' title="bbox 192 1894 1131 2454">
    <p class='ocr_par' dir='ltr' id='par_1_7' title="bbox 241 1894 681 1956">
     <span class='ocr_line' id='line_1_16' title="bbox 241 1894 681 1956; baseline 0.005 -15"><span class='ocrx_word' id='word_1_124' title='bbox 241 1895 320 1954; x_wconf 68' lang='lat'>5299.</span> <span class='ocrx_word' id='word_1_125' title='bbox 357 1896 484 1956; x_wconf 76' lang='grc' dir='ltr'>ἐβούλοντο</span> <span class='ocrx_word' id='word_1_126' title='bbox 495 1894 521 1943; x_wconf 81' lang='lat' dir='ltr'>S.</span> <span class='ocrx_word' id='word_1_127' title='bbox 554 1894 681 1943; x_wconf 76' lang='lat' dir='ltr'><strong>Eddreo.</strong></span> 
     </span>
    </p>

    <p class='ocr_par' dir='ltr' id='par_1_8' title="bbox 193 1959 1128 2149">
     <span class='ocr_line' id='line_1_17' title="bbox 241 1959 1125 2020; baseline 0.003 -14"><span class='ocrx_word' id='word_1_128' title='bbox 241 1960 320 2020; x_wconf 73' lang='lat'><strong>5300.</strong></span> <span class='ocrx_word' id='word_1_129' title='bbox 355 1960 495 2019; x_wconf 78' lang='grc' dir='ltr'>ἀβελτερίαν</span> <span class='ocrx_word' id='word_1_130' title='bbox 507 1959 531 2008; x_wconf 79' lang='grc' dir='ltr'>Β.</span> <span class='ocrx_word' id='word_1_131' title='bbox 552 1974 573 2006; x_wconf 86' lang='lat' dir='ltr'>r.</span> <span class='ocrx_word' id='word_1_132' title='bbox 594 1961 738 2020; x_wconf 83' lang='grc' dir='ltr'>ιίβελτηρίαν</span> <span class='ocrx_word' id='word_1_133' title='bbox 754 1959 1080 2020; x_wconf 69' lang='grc' dir='ltr'>ταίςο.-λακεδαιμονίας</span> <span class='ocrx_word' id='word_1_134' title='bbox 1100 1959 1125 2009; x_wconf 79' lang='grc' dir='ltr'>Β.</span> 
     </span>
     <span class='ocr_line' id='line_1_18' title="bbox 193 2021 1128 2084; baseline 0.002 -15"><span class='ocrx_word' id='word_1_135' title='bbox 193 2023 307 2070; x_wconf 83' lang='lat' dir='ltr'>-Pro</span> <span class='ocrx_word' id='word_1_136' title='bbox 333 2021 416 2083; x_wconf 74' lang='grc' dir='ltr'>ἤρεψε,</span> <span class='ocrx_word' id='word_1_137' title='bbox 443 2025 563 2084; x_wconf 82' lang='grc' dir='ltr'>ἐστέγασε</span> <span class='ocrx_word' id='word_1_138' title='bbox 588 2026 632 2084; x_wconf 54' lang='grc' dir='ltr'>βω.</span> <span class='ocrx_word' id='word_1_139' title='bbox 667 2023 741 2084; x_wconf 84' lang='lat' dir='ltr'><strong>Quod</strong></span> <span class='ocrx_word' id='word_1_140' title='bbox 765 2025 804 2073; x_wconf 89' lang='lat' dir='ltr'>est</span> <span class='ocrx_word' id='word_1_141' title='bbox 831 2023 964 2072; x_wconf 86' lang='lat' dir='ltr'><strong>scholium.</strong></span> <span class='ocrx_word' id='word_1_142' title='bbox 991 2023 1128 2084; x_wconf 85' lang='lat' dir='ltr'><strong>“Hosyoh.</strong></span> 
     </span>
     <span class='ocr_line' id='line_1_19' title="bbox 194 2086 787 2149; baseline 0.003 -16"><span class='ocrx_word' id='word_1_143' title='bbox 194 2086 222 2134; x_wconf 82' lang='grc' dir='ltr'>Τ.</span> <span class='ocrx_word' id='word_1_144' title='bbox 235 2100 254 2133; x_wconf 88' lang='lat'>1.</span> <span class='ocrx_word' id='word_1_145' title='bbox 266 2100 291 2145; x_wconf 92' lang='lat' dir='ltr'>p.</span> <span class='ocrx_word' id='word_1_146' title='bbox 304 2087 366 2134; x_wconf 82' lang='lat'>1425</span> <span class='ocrx_word' id='word_1_147' title='bbox 383 2089 458 2149; x_wconf 73' lang='grc' dir='ltr'>ἔρεψα</span> <span class='ocrx_word' id='word_1_148' title='bbox 462 2124 519 2135; x_wconf 90' lang='grc'>......</span> <span class='ocrx_word' id='word_1_149' title='bbox 523 2089 665 2147; x_wconf 50' lang='lat' dir='ltr'>&amp;ostrow</span> <span class='ocrx_word' id='word_1_150' title='bbox 679 2087 787 2137; x_wconf 73' lang='lat' dir='ltr'><strong>Senior.</strong></span> 
     </span>
    </p>

    <p class='ocr_par' dir='ltr' id='par_1_9' title="bbox 192 2150 1131 2453">
     <span class='ocr_line' id='line_1_20' title="bbox 242 2150 1124 2213; baseline 0.003 -16"><span class='ocrx_word' id='word_1_151' title='bbox 242 2151 323 2209; x_wconf 68' lang='lat'>5301.</span> <span class='ocrx_word' id='word_1_152' title='bbox 357 2151 385 2198; x_wconf 82' lang='grc' dir='ltr'>δὲ</span> <span class='ocrx_word' id='word_1_153' title='bbox 401 2151 468 2213; x_wconf 88' lang='lat' dir='ltr'><strong>(post</strong></span> <span class='ocrx_word' id='word_1_154' title='bbox 479 2154 570 2212; x_wconf 77' lang='grc' dir='ltr'>έτειδὴ)</span> <span class='ocrx_word' id='word_1_155' title='bbox 591 2166 640 2202; x_wconf 91' lang='lat' dir='ltr'>om.</span> <span class='ocrx_word' id='word_1_156' title='bbox 659 2151 688 2202; x_wconf 91' lang='lat' dir='ltr'>F.</span> <span class='ocrx_word' id='word_1_157' title='bbox 704 2151 729 2201; x_wconf 82' lang='lat' dir='ltr'>S.</span> <span class='ocrx_word' id='word_1_158' title='bbox 741 2152 770 2201; x_wconf 87' lang='lat' dir='ltr'>Y.</span> <span class='ocrx_word' id='word_1_159' title='bbox 786 2151 815 2211; x_wconf 84' lang='lat' dir='ltr'>Q.</span> <span class='ocrx_word' id='word_1_160' title='bbox 828 2152 856 2201; x_wconf 93' lang='grc' dir='ltr'>Ο.</span> <span class='ocrx_word' id='word_1_161' title='bbox 870 2166 891 2200; x_wconf 87' lang='lat' dir='ltr'>r.</span> <span class='ocrx_word' id='word_1_162' title='bbox 903 2153 923 2199; x_wconf 90' lang='lat' dir='ltr'><strong>t.</strong></span> <span class='ocrx_word' id='word_1_163' title='bbox 934 2166 960 2200; x_wconf 89' lang='lat' dir='ltr'>u.</span> <span class='ocrx_word' id='word_1_164' title='bbox 978 2152 1039 2200; x_wconf 87' lang='lat' dir='ltr'><strong>vett.</strong></span> <span class='ocrx_word' id='word_1_165' title='bbox 1060 2150 1124 2200; x_wconf 88' lang='lat' dir='ltr'>Edd.</span> 
     </span>
     <span class='ocr_line' id='line_1_21' title="bbox 193 2214 1131 2275; baseline 0.002 -15"><span class='ocrx_word' id='word_1_166' title='bbox 193 2214 241 2262; x_wconf 85' lang='lat' dir='ltr'>Eo.</span> <span class='ocrx_word' id='word_1_167' title='bbox 262 2214 352 2262; x_wconf 76' lang='lat' dir='ltr'><strong>Turno.</strong></span> <span class='ocrx_word' id='word_1_168' title='bbox 369 2215 447 2262; x_wconf 72' lang='lat' dir='ltr'><strong>Dion.</strong></span> <span class='ocrx_word' id='word_1_169' title='bbox 458 2215 543 2262; x_wconf 81' lang='lat' dir='ltr'><strong>Voric.</strong></span> <span class='ocrx_word' id='word_1_170' title='bbox 555 2216 639 2262; x_wconf 77' lang='lat' dir='ltr'>Bm.</span> <span class='ocrx_word' id='word_1_171' title='bbox 652 2218 682 2265; x_wconf 87' lang='lat' dir='ltr'><strong>st.</strong></span> <span class='ocrx_word' id='word_1_172' title='bbox 718 2215 821 2263; x_wconf 77' lang='lat' dir='ltr'><strong>Addidit</strong></span> <span class='ocrx_word' id='word_1_173' title='bbox 831 2216 920 2265; x_wconf 69' lang='lat' dir='ltr'><strong>Reor</strong></span> <span class='ocrx_word' id='word_1_174' title='bbox 957 2216 1014 2262; x_wconf 84' lang='lat' dir='ltr'><strong>Mea</strong></span> <span class='ocrx_word' id='word_1_175' title='bbox 1026 2215 1131 2275; x_wconf 65' lang='lat' dir='ltr'><strong>quidem,</strong></span> 
     </span>
     <span class='ocr_line' id='line_1_22' title="bbox 193 2277 1127 2344; baseline 0.004 -20"><span class='ocrx_word' id='word_1_176' title='bbox 193 2277 320 2326; x_wconf 86' lang='lat' dir='ltr'><strong>sententie</strong></span> <span class='ocrx_word' id='word_1_177' title='bbox 331 2278 417 2326; x_wconf 87' lang='lat' dir='ltr'><strong>omitti</strong></span> <span class='ocrx_word' id='word_1_178' title='bbox 428 2278 470 2325; x_wconf 83' lang='lat' dir='ltr'>vix</span> <span class='ocrx_word' id='word_1_179' title='bbox 480 2281 570 2339; x_wconf 86' lang='lat' dir='ltr'><strong>potest.</strong></span> <span class='ocrx_word' id='word_1_180' title='bbox 575 2283 661 2329; x_wconf 84' lang='lat' dir='ltr'>—ol</span> <span class='ocrx_word' id='word_1_181' title='bbox 672 2280 741 2342; x_wconf 82' lang='lat' dir='ltr'><strong>(onte</strong></span> <span class='ocrx_word' id='word_1_182' title='bbox 754 2279 908 2344; x_wconf 80' lang='grc' dir='ltr'>προδιδόντες)</span> <span class='ocrx_word' id='word_1_183' title='bbox 919 2294 967 2328; x_wconf 92' lang='lat' dir='ltr'>om.</span> <span class='ocrx_word' id='word_1_184' title='bbox 980 2279 1037 2329; x_wconf 70' lang='lat' dir='ltr'>sk</span> <span class='ocrx_word' id='word_1_185' title='bbox 1053 2293 1073 2326; x_wconf 87' lang='lat' dir='ltr'>s.</span> <span class='ocrx_word' id='word_1_186' title='bbox 1085 2280 1127 2328; x_wconf 53' lang='grc' dir='ltr'>Α).</span> 
     </span>
     <span class='ocr_line' id='line_1_23' title="bbox 192 2341 1124 2453; baseline 0.004 -65"><span class='ocrx_word' id='word_1_187' title='bbox 192 2341 241 2452; x_wconf 56' lang='grc' dir='ltr'>ξω.</span> <span class='ocrx_word' id='word_1_188' title='bbox 262 2342 352 2453; x_wconf 47' lang='lat' dir='ltr'><strong>Trogo.</strong></span> <span class='ocrx_word' id='word_1_189' title='bbox 363 2343 441 2392; x_wconf 74' lang='lat' dir='ltr'><strong>Dnio.</strong></span> <span class='ocrx_word' id='word_1_190' title='bbox 456 2343 542 2391; x_wconf 76' lang='lat' dir='ltr'><strong>Vocis.</strong></span> <span class='ocrx_word' id='word_1_191' title='bbox 575 2345 597 2391; x_wconf 84' lang='grc' dir='ltr'>οί</span> <span class='ocrx_word' id='word_1_192' title='bbox 611 2347 758 2406; x_wconf 74' lang='grc' dir='ltr'>τριδιδίιτες</span> <span class='ocrx_word' id='word_1_193' title='bbox 774 2345 899 2392; x_wconf 85' lang='lat' dir='ltr'><strong>omissum</strong></span> <span class='ocrx_word' id='word_1_194' title='bbox 918 2345 1005 2392; x_wconf 88' lang='lat' dir='ltr'><strong>volunt</strong></span> <span class='ocrx_word' id='word_1_195' title='bbox 1023 2343 1124 2394; x_wconf 69' lang='lat' dir='ltr'><strong>Misit.</strong></span> 
     </span>
    </p>

    <p class='ocr_par' dir='ltr' id='par_1_10' title="bbox 216 2409 421 2454">
     <span class='ocr_line' id='line_1_24' title="bbox 216 2409 421 2454; baseline -0.005 -1"><span class='ocrx_word' id='word_1_196' title='bbox 216 2420 273 2453; x_wconf 78' lang='lat' dir='ltr'><strong>one.</strong></span> <span class='ocrx_word' id='word_1_197' title='bbox 328 2409 421 2454; x_wconf 82' lang='lat' dir='ltr'><strong>rostro.</strong></span> 
     </span>
    </p>
   </div>
   <div class='ocr_carea' id='block_1_6' title="bbox 187 2599 1130 3750">
    <p class='ocr_par' dir='ltr' id='par_1_11' title="bbox 187 2599 1130 3618">
     <span class='ocr_line' id='line_1_25' title="bbox 223 2599 1130 2662; baseline 0.001 -15"><span class='ocrx_word' id='word_1_198' title='bbox 223 2599 278 2648; x_wconf 76' lang='lat'>426.</span> <span class='ocrx_word' id='word_1_199' title='bbox 291 2601 366 2659; x_wconf 65' lang='lat'>5300.</span> <span class='ocrx_word' id='word_1_200' title='bbox 390 2600 487 2660; x_wconf 74' lang='grc' dir='ltr'>ἵππους]</span> <span class='ocrx_word' id='word_1_201' title='bbox 498 2599 636 2648; x_wconf 82' lang='lat' dir='ltr'><strong>Aeschines</strong></span> <span class='ocrx_word' id='word_1_202' title='bbox 683 2601 747 2650; x_wconf 87' lang='lat'>-16</span> <span class='ocrx_word' id='word_1_203' title='bbox 771 2600 817 2650; x_wconf 82' lang='grc' dir='ltr'>εὖτ’</span> <span class='ocrx_word' id='word_1_204' title='bbox 841 2600 871 2648; x_wconf 76' lang='grc' dir='ltr'>ἅν</span> <span class='ocrx_word' id='word_1_205' title='bbox 892 2603 918 2649; x_wconf 78' lang='grc' dir='ltr'>δὲ</span> <span class='ocrx_word' id='word_1_206' title='bbox 940 2604 1130 2662; x_wconf 77' lang='grc' dir='ltr'>νυκτίπλαγκτον</span> 
     </span>
     <span class='ocr_line' id='line_1_26' title="bbox 190 2662 1128 2726; baseline 0.003 -16"><span class='ocrx_word' id='word_1_207' title='bbox 190 2662 214 2710; x_wconf 80' lang='lat' dir='ltr'>is</span> <span class='ocrx_word' id='word_1_208' title='bbox 229 2664 309 2711; x_wconf 81' lang='lat' dir='ltr'><strong>called</strong></span> <span class='ocrx_word' id='word_1_209' title='bbox 323 2663 432 2726; x_wconf 67' lang='grc' dir='ltr'>λαμπροῖς</span> <span class='ocrx_word' id='word_1_210' title='bbox 443 2663 589 2725; x_wconf 79' lang='grc' dir='ltr'>ίππυτρόφος</span> <span class='ocrx_word' id='word_1_211' title='bbox 603 2664 635 2711; x_wconf 87' lang='lat' dir='ltr'><strong>de</strong></span> <span class='ocrx_word' id='word_1_212' title='bbox 687 2703 745 2714; x_wconf 90' lang='grc'>......</span> <span class='ocrx_word' id='word_1_213' title='bbox 748 2667 818 2714; x_wconf 79' lang='grc' dir='ltr'>ὅταν</span> <span class='ocrx_word' id='word_1_214' title='bbox 845 2667 865 2713; x_wconf 86' lang='grc' dir='ltr'>δ’</span> <span class='ocrx_word' id='word_1_215' title='bbox 899 2667 983 2713; x_wconf 80' lang='grc' dir='ltr'>ἀείδειν</span> <span class='ocrx_word' id='word_1_216' title='bbox 986 2703 1044 2714; x_wconf 88' lang='grc'>......</span> <span class='ocrx_word' id='word_1_217' title='bbox 1046 2664 1128 2713; x_wconf 85' lang='lat' dir='ltr'><strong>which</strong></span> 
     </span>
     <span class='ocr_line' id='line_1_27' title="bbox 190 2727 1129 2790; baseline 0 -14"><span class='ocrx_word' id='word_1_218' title='bbox 190 2727 281 2776; x_wconf 83' lang='lat' dir='ltr'><strong>Goron.</strong></span> <span class='ocrx_word' id='word_1_219' title='bbox 296 2742 322 2789; x_wconf 92' lang='lat' dir='ltr'>p.</span> <span class='ocrx_word' id='word_1_220' title='bbox 335 2729 382 2775; x_wconf 84' lang='lat'>331</span> <span class='ocrx_word' id='word_1_221' title='bbox 400 2732 412 2788; x_wconf 66' lang='grc' dir='ltr'>ς</span> <span class='ocrx_word' id='word_1_222' title='bbox 430 2730 484 2776; x_wconf 81' lang='lat'>320.</span> <span class='ocrx_word' id='word_1_223' title='bbox 519 2727 573 2775; x_wconf 81' lang='lat' dir='ltr'><strong>The</strong></span> <span class='ocrx_word' id='word_1_224' title='bbox 589 2728 635 2776; x_wconf 80' lang='lat' dir='ltr'><strong>foll</strong></span> <span class='ocrx_word' id='word_1_225' title='bbox 684 2728 797 2777; x_wconf 80' lang='lat' dir='ltr'><strong>Kleusen</strong></span> <span class='ocrx_word' id='word_1_226' title='bbox 823 2728 871 2776; x_wconf 80' lang='lat' dir='ltr'>hos</span> <span class='ocrx_word' id='word_1_227' title='bbox 904 2728 1038 2789; x_wconf 79' lang='lat' dir='ltr'><strong>explained</strong></span> <span class='ocrx_word' id='word_1_228' title='bbox 1069 2743 1129 2790; x_wconf 80' lang='lat' dir='ltr'><strong>very</strong></span> 
     </span>
     <span class='ocr_line' id='line_1_28' title="bbox 190 2791 1128 2853; baseline 0.002 -15"><span class='ocrx_word' id='word_1_229' title='bbox 190 2791 217 2839; x_wconf 80' lang='lat' dir='ltr'>oi</span> <span class='ocrx_word' id='word_1_230' title='bbox 234 2791 362 2852; x_wconf 80' lang='lat' dir='ltr'><strong>Olynthus</strong></span> <span class='ocrx_word' id='word_1_231' title='bbox 373 2807 424 2840; x_wconf 84' lang='lat' dir='ltr'>wss</span> <span class='ocrx_word' id='word_1_232' title='bbox 436 2793 462 2839; x_wconf 79' lang='lat' dir='ltr'><strong>st</strong></span> <span class='ocrx_word' id='word_1_233' title='bbox 473 2791 516 2839; x_wconf 91' lang='lat' dir='ltr'>the</span> <span class='ocrx_word' id='word_1_234' title='bbox 529 2792 595 2839; x_wconf 87' lang='lat' dir='ltr'><strong>close</strong></span> <span class='ocrx_word' id='word_1_235' title='bbox 607 2792 635 2840; x_wconf 81' lang='lat' dir='ltr'>oi</span> <span class='ocrx_word' id='word_1_236' title='bbox 684 2793 783 2853; x_wconf 76' lang='lat' dir='ltr'>clearly,</span> <span class='ocrx_word' id='word_1_237' title='bbox 804 2791 903 2852; x_wconf 80' lang='lat' dir='ltr'><strong>though</strong></span> <span class='ocrx_word' id='word_1_238' title='bbox 921 2792 954 2840; x_wconf 92' lang='lat' dir='ltr'><strong>he</strong></span> <span class='ocrx_word' id='word_1_239' title='bbox 974 2791 1023 2840; x_wconf 85' lang='lat' dir='ltr'><strong>hes</strong></span> <span class='ocrx_word' id='word_1_240' title='bbox 1040 2791 1128 2841; x_wconf 81' lang='lat' dir='ltr'><strong>shown</strong></span> 
     </span>
     <span class='ocr_line' id='line_1_29' title="bbox 190 2855 1127 2916; baseline 0.001 -14"><span class='ocrx_word' id='word_1_241' title='bbox 190 2855 238 2904; x_wconf 84' lang='grc'>348</span> <span class='ocrx_word' id='word_1_242' title='bbox 255 2869 304 2904; x_wconf 69' lang='lat' dir='ltr'>nc.</span> <span class='ocrx_word' id='word_1_243' title='bbox 338 2855 385 2904; x_wconf 88' lang='lat' dir='ltr'>We</span> <span class='ocrx_word' id='word_1_244' title='bbox 400 2857 472 2904; x_wconf 80' lang='lat' dir='ltr'><strong>leam</strong></span> <span class='ocrx_word' id='word_1_245' title='bbox 485 2855 633 2916; x_wconf 82' lang='lat' dir='ltr'><strong>hom§303</strong></span> <span class='ocrx_word' id='word_1_246' title='bbox 684 2860 782 2904; x_wconf 80' lang='lat' dir='ltr'><strong>omost</strong></span> <span class='ocrx_word' id='word_1_247' title='bbox 798 2857 955 2905; x_wconf 77' lang='lat' dir='ltr'><strong>remarkable</strong></span> <span class='ocrx_word' id='word_1_248' title='bbox 971 2855 1053 2904; x_wconf 87' lang='lat' dir='ltr'><strong>desire</strong></span> <span class='ocrx_word' id='word_1_249' title='bbox 1069 2856 1127 2904; x_wconf 90' lang='lat' dir='ltr'><strong>sub-</strong></span> 
     </span>
     <span class='ocr_line' id='line_1_30' title="bbox 189 2919 1128 2982; baseline 0 -16"><span class='ocrx_word' id='word_1_250' title='bbox 189 2919 247 2966; x_wconf 86' lang='lat' dir='ltr'><strong>thet</strong></span> <span class='ocrx_word' id='word_1_251' title='bbox 257 2919 303 2967; x_wconf 88' lang='lat' dir='ltr'>the</span> <span class='ocrx_word' id='word_1_252' title='bbox 316 2920 420 2968; x_wconf 85' lang='lat' dir='ltr'><strong>trsitors</strong></span> <span class='ocrx_word' id='word_1_253' title='bbox 430 2934 493 2968; x_wconf 88' lang='lat' dir='ltr'><strong>were</strong></span> <span class='ocrx_word' id='word_1_254' title='bbox 510 2919 634 2967; x_wconf 83' lang='lat' dir='ltr'><strong>outlowed</strong></span> <span class='ocrx_word' id='word_1_255' title='bbox 684 2921 817 2982; x_wconf 84' lang='lat' dir='ltr'><strong>sequenlly</strong></span> <span class='ocrx_word' id='word_1_256' title='bbox 826 2920 855 2968; x_wconf 92' lang='lat' dir='ltr'>in</span> <span class='ocrx_word' id='word_1_257' title='bbox 866 2919 912 2967; x_wconf 90' lang='lat' dir='ltr'>the</span> <span class='ocrx_word' id='word_1_258' title='bbox 928 2934 997 2968; x_wconf 77' lang='lat' dir='ltr'><strong>some</strong></span> <span class='ocrx_word' id='word_1_259' title='bbox 1014 2919 1128 2981; x_wconf 77' lang='lat' dir='ltr'><strong>Tregedy</strong></span> 
     </span>
     <span class='ocr_line' id='line_1_31' title="bbox 190 2983 1128 3045; baseline 0 -15"><span class='ocrx_word' id='word_1_260' title='bbox 190 2984 217 3030; x_wconf 84' lang='lat' dir='ltr'><strong>ot</strong></span> <span class='ocrx_word' id='word_1_261' title='bbox 249 2983 355 3042; x_wconf 78' lang='lat' dir='ltr'><strong>Athene,</strong></span> <span class='ocrx_word' id='word_1_262' title='bbox 383 2998 412 3032; x_wconf 81' lang='lat' dir='ltr'><strong>es</strong></span> <span class='ocrx_word' id='word_1_263' title='bbox 444 2983 579 3031; x_wconf 87' lang='lat' dir='ltr'><strong>Arthmiue</strong></span> <span class='ocrx_word' id='word_1_264' title='bbox 606 2984 633 3032; x_wconf 82' lang='lat' dir='ltr'>oi</span> <span class='ocrx_word' id='word_1_265' title='bbox 682 2984 789 3045; x_wconf 80' lang='lat' dir='ltr'><strong>wiliully</strong></span> <span class='ocrx_word' id='word_1_266' title='bbox 806 2987 834 3032; x_wconf 94' lang='lat' dir='ltr'><strong>to</strong></span> <span class='ocrx_word' id='word_1_267' title='bbox 852 2999 883 3044; x_wconf 80' lang='lat' dir='ltr'>go</span> <span class='ocrx_word' id='word_1_268' title='bbox 899 2985 992 3043; x_wconf 80' lang='lat' dir='ltr'><strong>astroy.</strong></span> <span class='ocrx_word' id='word_1_269' title='bbox 1026 2983 1128 3044; x_wconf 81' lang='lat' dir='ltr'><strong>Heving</strong></span> 
     </span>
     <span class='ocr_line' id='line_1_32' title="bbox 190 3046 1127 3108; baseline 0.004 -16"><span class='ocrx_word' id='word_1_270' title='bbox 190 3046 265 3095; x_wconf 82' lang='lat' dir='ltr'><strong>Zeleo</strong></span> <span class='ocrx_word' id='word_1_271' title='bbox 283 3050 358 3108; x_wconf 78' lang='lat' dir='ltr'><strong>(sce§</strong></span> <span class='ocrx_word' id='word_1_272' title='bbox 374 3050 431 3108; x_wconf 83' lang='grc'>308)</span> <span class='ocrx_word' id='word_1_273' title='bbox 448 3047 501 3096; x_wconf 81' lang='lat' dir='ltr'><strong>hed</strong></span> <span class='ocrx_word' id='word_1_274' title='bbox 517 3047 582 3096; x_wconf 87' lang='lat' dir='ltr'><strong>been</strong></span> <span class='ocrx_word' id='word_1_275' title='bbox 597 3063 632 3096; x_wconf 91' lang='lat' dir='ltr'>on</span> <span class='ocrx_word' id='word_1_276' title='bbox 682 3047 884 3108; x_wconf 89' lang='lat' dir='ltr'><strong>predetermined</strong></span> <span class='ocrx_word' id='word_1_277' title='bbox 894 3047 980 3096; x_wconf 79' lang='lat' dir='ltr'><strong>before</strong></span> <span class='ocrx_word' id='word_1_278' title='bbox 993 3046 1026 3095; x_wconf 91' lang='lat' dir='ltr'><strong>he</strong></span> <span class='ocrx_word' id='word_1_279' title='bbox 1043 3046 1127 3096; x_wconf 88' lang='lat' dir='ltr'><strong>sdited</strong></span> 
     </span>
     <span class='ocr_line' id='line_1_33' title="bbox 190 3109 1127 3172; baseline 0.005 -16"><span class='ocrx_word' id='word_1_280' title='bbox 190 3123 205 3156; x_wconf 85' lang='lat' dir='ltr'><strong>a</strong></span> <span class='ocrx_word' id='word_1_281' title='bbox 232 3111 325 3160; x_wconf 83' lang='lat' dir='ltr'><strong>tormer</strong></span> <span class='ocrx_word' id='word_1_282' title='bbox 350 3111 475 3161; x_wconf 78' lang='lat' dir='ltr'><strong>occasion.</strong></span> <span class='ocrx_word' id='word_1_283' title='bbox 525 3113 569 3172; x_wconf 86' lang='lat' dir='ltr'>Op.</span> <span class='ocrx_word' id='word_1_284' title='bbox 601 3111 631 3160; x_wconf 89' lang='lat' dir='ltr'><strong>de</strong></span> <span class='ocrx_word' id='word_1_285' title='bbox 682 3113 726 3159; x_wconf 89' lang='lat' dir='ltr'>the</span> <span class='ocrx_word' id='word_1_286' title='bbox 753 3112 916 3172; x_wconf 85' lang='lat' dir='ltr'><strong>Ghoephoroe</strong></span> <span class='ocrx_word' id='word_1_287' title='bbox 943 3109 1000 3159; x_wconf 82' lang='lat' dir='ltr'><strong>that</strong></span> <span class='ocrx_word' id='word_1_288' title='bbox 1028 3114 1078 3160; x_wconf 83' lang='grc' dir='ltr'>ἐπεὶ</span> <span class='ocrx_word' id='word_1_289' title='bbox 1101 3115 1127 3161; x_wconf 76' lang='grc' dir='ltr'>δὲ</span> 
     </span>
     <span class='ocr_line' id='line_1_34' title="bbox 189 3172 1126 3239; baseline 0.003 -18"><span class='ocrx_word' id='word_1_290' title='bbox 189 3172 310 3222; x_wconf 74' lang='lat' dir='ltr'><strong>cherson.</strong></span> <span class='ocrx_word' id='word_1_291' title='bbox 328 3189 353 3236; x_wconf 88' lang='lat' dir='ltr'>p.</span> <span class='ocrx_word' id='word_1_292' title='bbox 370 3178 401 3226; x_wconf 88' lang='grc'>99</span> <span class='ocrx_word' id='word_1_293' title='bbox 420 3179 433 3235; x_wconf 66' lang='grc' dir='ltr'><strong>ς</strong></span> <span class='ocrx_word' id='word_1_294' title='bbox 447 3177 479 3224; x_wconf 90' lang='grc'>40</span> <span class='ocrx_word' id='word_1_295' title='bbox 499 3176 576 3236; x_wconf 78' lang='lat' dir='ltr'><strong>(from</strong></span> <span class='ocrx_word' id='word_1_296' title='bbox 586 3175 632 3225; x_wconf 90' lang='lat' dir='ltr'>the</span> <span class='ocrx_word' id='word_1_297' title='bbox 683 3175 748 3239; x_wconf 84' lang='grc'>(623)</span> <span class='ocrx_word' id='word_1_298' title='bbox 767 3175 860 3223; x_wconf 83' lang='lat' dir='ltr'><strong>should</strong></span> <span class='ocrx_word' id='word_1_299' title='bbox 877 3174 970 3236; x_wconf 80' lang='lat' dir='ltr'><strong>signify</strong></span> <span class='ocrx_word' id='word_1_300' title='bbox 987 3180 1077 3231; x_wconf 76' lang='grc' dir='ltr'>ἔπειτα,</span> <span class='ocrx_word' id='word_1_301' title='bbox 1093 3174 1126 3225; x_wconf 90' lang='lat' dir='ltr'>ho</span> 
     </span>
     <span class='ocr_line' id='line_1_35' title="bbox 189 3239 1125 3300; baseline 0.003 -16"><span class='ocrx_word' id='word_1_302' title='bbox 189 3239 276 3298; x_wconf 81' lang='lat' dir='ltr'><strong>strong</strong></span> <span class='ocrx_word' id='word_1_303' title='bbox 291 3239 414 3300; x_wconf 81' lang='lat' dir='ltr'><strong>lengucge</strong></span> <span class='ocrx_word' id='word_1_304' title='bbox 428 3239 455 3287; x_wconf 82' lang='lat' dir='ltr'>oi</span> <span class='ocrx_word' id='word_1_305' title='bbox 471 3239 561 3297; x_wconf 80' lang='lat' dir='ltr'><strong>which,</strong></span> <span class='ocrx_word' id='word_1_306' title='bbox 574 3240 631 3288; x_wconf 78' lang='grc' dir='ltr'>τάν·</span> <span class='ocrx_word' id='word_1_307' title='bbox 680 3253 799 3299; x_wconf 82' lang='lat' dir='ltr'><strong>preperes</strong></span> <span class='ocrx_word' id='word_1_308' title='bbox 810 3239 855 3288; x_wconf 89' lang='lat' dir='ltr'>the</span> <span class='ocrx_word' id='word_1_309' title='bbox 865 3253 919 3300; x_wconf 68' lang='grc' dir='ltr'>πα]</span> <span class='ocrx_word' id='word_1_310' title='bbox 929 3239 969 3286; x_wconf 80' lang='lat' dir='ltr'><strong>tor</strong></span> <span class='ocrx_word' id='word_1_311' title='bbox 984 3239 1036 3286; x_wconf 85' lang='lat' dir='ltr'><strong>this</strong></span> <span class='ocrx_word' id='word_1_312' title='bbox 1051 3239 1125 3287; x_wconf 90' lang='lat' dir='ltr'><strong>inno-</strong></span> 
     </span>
     <span class='ocr_line' id='line_1_36' title="bbox 187 3301 1125 3362; baseline 0.003 -13"><span class='ocrx_word' id='word_1_313' title='bbox 187 3319 235 3349; x_wconf 86' lang='grc' dir='ltr'>τινν</span> <span class='ocrx_word' id='word_1_314' title='bbox 253 3301 343 3351; x_wconf 80' lang='grc' dir='ltr'>κάκιστ’</span> <span class='ocrx_word' id='word_1_315' title='bbox 364 3304 525 3362; x_wconf 76' lang='grc' dir='ltr'>ἀπολώλασιν,</span> <span class='ocrx_word' id='word_1_316' title='bbox 544 3304 631 3352; x_wconf 76' lang='lat' dir='ltr'><strong>ithae</strong></span> <span class='ocrx_word' id='word_1_317' title='bbox 680 3303 768 3351; x_wconf 73' lang='lat' dir='ltr'><strong>vation</strong></span> <span class='ocrx_word' id='word_1_318' title='bbox 795 3317 829 3350; x_wconf 90' lang='lat' dir='ltr'>on</span> <span class='ocrx_word' id='word_1_319' title='bbox 856 3301 938 3350; x_wconf 83' lang='lat' dir='ltr'><strong>sound</strong></span> <span class='ocrx_word' id='word_1_320' title='bbox 965 3303 1047 3352; x_wconf 83' lang='lat' dir='ltr'><strong>Greek</strong></span> <span class='ocrx_word' id='word_1_321' title='bbox 1073 3303 1125 3352; x_wconf 70' lang='lat' dir='ltr'>and</span> 
     </span>
     <span class='ocr_line' id='line_1_37' title="bbox 187 3364 1124 3429; baseline 0.005 -17"><span class='ocrx_word' id='word_1_322' title='bbox 187 3364 252 3413; x_wconf 90' lang='lat' dir='ltr'><strong>been</strong></span> <span class='ocrx_word' id='word_1_323' title='bbox 269 3365 381 3414; x_wconf 87' lang='lat' dir='ltr'><strong>inferred</strong></span> <span class='ocrx_word' id='word_1_324' title='bbox 398 3367 456 3416; x_wconf 83' lang='lat' dir='ltr'><strong>thot</strong></span> <span class='ocrx_word' id='word_1_325' title='bbox 480 3368 542 3429; x_wconf 82' lang='lat' dir='ltr'><strong>they</strong></span> <span class='ocrx_word' id='word_1_326' title='bbox 565 3383 630 3416; x_wconf 83' lang='lat' dir='ltr'><strong>were</strong></span> <span class='ocrx_word' id='word_1_327' title='bbox 680 3366 1124 3427; x_wconf 71' lang='lat' dir='ltr'><strong>scandemus,byforcingthessme</strong></span> 
     </span>
     <span class='ocr_line' id='line_1_38' title="bbox 187 3429 1121 3496; baseline 0.002 -19"><span class='ocrx_word' id='word_1_328' title='bbox 187 3432 234 3489; x_wconf 88' lang='lat' dir='ltr'><strong>put</strong></span> <span class='ocrx_word' id='word_1_329' title='bbox 246 3434 272 3477; x_wconf 89' lang='lat' dir='ltr'><strong>to</strong></span> <span class='ocrx_word' id='word_1_330' title='bbox 283 3430 359 3478; x_wconf 75' lang='lat' dir='ltr'><strong>death</strong></span> <span class='ocrx_word' id='word_1_331' title='bbox 370 3431 403 3491; x_wconf 85' lang='lat' dir='ltr'>by</span> <span class='ocrx_word' id='word_1_332' title='bbox 413 3430 512 3496; x_wconf 81' lang='lat' dir='ltr'><strong>Philip:</strong></span> <span class='ocrx_word' id='word_1_333' title='bbox 529 3433 576 3480; x_wconf 90' lang='lat' dir='ltr'><strong>but</strong></span> <span class='ocrx_word' id='word_1_334' title='bbox 587 3446 629 3481; x_wconf 93' lang='lat' dir='ltr'>see</span> <span class='ocrx_word' id='word_1_335' title='bbox 678 3429 872 3491; x_wconf 74' lang='lat' dir='ltr'><strong>interpretation</strong></span> <span class='ocrx_word' id='word_1_336' title='bbox 883 3444 952 3490; x_wconf 87' lang='lat' dir='ltr'><strong>upon</strong></span> <span class='ocrx_word' id='word_1_337' title='bbox 964 3432 1054 3491; x_wconf 79' lang='lat' dir='ltr'><strong>Agem.</strong></span> <span class='ocrx_word' id='word_1_338' title='bbox 1067 3432 1121 3491; x_wconf 82' lang='lat'>198,</span> 
     </span>
     <span class='ocr_line' id='line_1_39' title="bbox 187 3493 1124 3556; baseline 0.002 -15"><span class='ocrx_word' id='word_1_339' title='bbox 187 3493 333 3554; x_wconf 78' lang='lat' dir='ltr'><strong>eboveon§</strong></span> <span class='ocrx_word' id='word_1_340' title='bbox 345 3496 401 3556; x_wconf 88' lang='grc'>118)</span> <span class='ocrx_word' id='word_1_341' title='bbox 413 3495 474 3543; x_wconf 87' lang='lat' dir='ltr'><strong>with</strong></span> <span class='ocrx_word' id='word_1_342' title='bbox 490 3495 521 3543; x_wconf 92' lang='lat' dir='ltr'><strong>de</strong></span> <span class='ocrx_word' id='word_1_343' title='bbox 538 3495 627 3544; x_wconf 78' lang='lat' dir='ltr'><strong>(loton.</strong></span> <span class='ocrx_word' id='word_1_344' title='bbox 679 3494 730 3542; x_wconf 80' lang='lat' dir='ltr'><strong>end</strong></span> <span class='ocrx_word' id='word_1_345' title='bbox 752 3496 807 3543; x_wconf 83' lang='lat'>218.</span> <span class='ocrx_word' id='word_1_346' title='bbox 840 3494 873 3541; x_wconf 93' lang='lat' dir='ltr'>In</span> <span class='ocrx_word' id='word_1_347' title='bbox 894 3494 938 3542; x_wconf 88' lang='lat' dir='ltr'>the</span> <span class='ocrx_word' id='word_1_348' title='bbox 955 3495 1049 3542; x_wconf 83' lang='lat' dir='ltr'><strong>tormer</strong></span> <span class='ocrx_word' id='word_1_349' title='bbox 1067 3510 1124 3556; x_wconf 84' lang='lat' dir='ltr'><strong>pas·</strong></span> 
     </span>
     <span class='ocr_line' id='line_1_40' title="bbox 188 3557 1122 3618; baseline 0.002 -14"><span class='ocrx_word' id='word_1_350' title='bbox 188 3560 215 3618; x_wconf 63' lang='grc' dir='ltr'>ξς</span> <span class='ocrx_word' id='word_1_351' title='bbox 226 3558 330 3607; x_wconf 74' lang='grc'>48-48.</span> <span class='ocrx_word' id='word_1_352' title='bbox 360 3559 407 3608; x_wconf 80' lang='lat' dir='ltr'>See</span> <span class='ocrx_word' id='word_1_353' title='bbox 418 3559 519 3608; x_wconf 84' lang='lat' dir='ltr'><strong>Thirlw.</strong></span> <span class='ocrx_word' id='word_1_354' title='bbox 533 3574 555 3609; x_wconf 85' lang='grc' dir='ltr'>τ.</span> <span class='ocrx_word' id='word_1_355' title='bbox 571 3560 625 3608; x_wconf 84' lang='grc'>316.</span> <span class='ocrx_word' id='word_1_356' title='bbox 680 3572 739 3617; x_wconf 82' lang='lat' dir='ltr'><strong>sege</strong></span> <span class='ocrx_word' id='word_1_357' title='bbox 750 3558 795 3606; x_wconf 85' lang='lat' dir='ltr'>the</span> <span class='ocrx_word' id='word_1_358' title='bbox 806 3557 911 3606; x_wconf 82' lang='lat' dir='ltr'><strong>obvious</strong></span> <span class='ocrx_word' id='word_1_359' title='bbox 922 3559 1073 3606; x_wconf 86' lang='lat' dir='ltr'><strong>connection</strong></span> <span class='ocrx_word' id='word_1_360' title='bbox 1088 3557 1122 3606; x_wconf 89' lang='lat' dir='ltr'>is:</span> 
     </span>
    </p>

    <p class='ocr_par' dir='ltr' id='par_1_12' title="bbox 187 3622 1124 3750">
     <span class='ocr_line' id='line_1_41' title="bbox 218 3622 1122 3685; baseline -0.001 -15"><span class='ocrx_word' id='word_1_361' title='bbox 218 3623 292 3682; x_wconf 68' lang='lat'>5301.</span> <span class='ocrx_word' id='word_1_362' title='bbox 328 3625 462 3684; x_wconf 73' lang='grc' dir='ltr'>ἐπειδὴδὲ]</span> <span class='ocrx_word' id='word_1_363' title='bbox 491 3623 634 3672; x_wconf 82' lang='lat' dir='ltr'><strong>“WhenI</strong></span> <span class='ocrx_word' id='word_1_364' title='bbox 681 3625 720 3672; x_wconf 88' lang='grc' dir='ltr'>καί</span> <span class='ocrx_word' id='word_1_365' title='bbox 730 3624 781 3671; x_wconf 79' lang='grc' dir='ltr'>τόθ’</span> <span class='ocrx_word' id='word_1_366' title='bbox 794 3622 889 3684; x_wconf 76' lang='grc' dir='ltr'>ἡγεμών</span> <span class='ocrx_word' id='word_1_367' title='bbox 905 3623 917 3671; x_wconf 82' lang='grc' dir='ltr'>δ</span> <span class='ocrx_word' id='word_1_368' title='bbox 934 3625 1038 3685; x_wconf 80' lang='grc' dir='ltr'>πρέσβυς</span> <span class='ocrx_word' id='word_1_369' title='bbox 1056 3622 1122 3683; x_wconf 82' lang='lat'>(184)</span> 
     </span>
     <span class='ocr_line' id='line_1_42' title="bbox 187 3685 1124 3750; baseline 0.002 -17"><span class='ocrx_word' id='word_1_370' title='bbox 187 3685 296 3748; x_wconf 76' lang='lat' dir='ltr'><strong>repeat.”</strong></span> <span class='ocrx_word' id='word_1_371' title='bbox 329 3686 374 3749; x_wconf 83' lang='lat' dir='ltr'>Op.</span> <span class='ocrx_word' id='word_1_372' title='bbox 386 3686 476 3735; x_wconf 68' lang='grc' dir='ltr'>Λακαί).</span> <span class='ocrx_word' id='word_1_373' title='bbox 491 3687 580 3748; x_wconf 76' lang='lat' dir='ltr'><strong>Agem.</strong></span> <span class='ocrx_word' id='word_1_374' title='bbox 599 3688 629 3735; x_wconf 72' lang='lat'>12</span> <span class='ocrx_word' id='word_1_375' title='bbox 682 3685 793 3736; x_wconf 83' lang='grc' dir='ltr'>...,..εὖτ’</span> <span class='ocrx_word' id='word_1_376' title='bbox 811 3689 900 3748; x_wconf 74' lang='grc' dir='ltr'>ἀπλοίᾳ</span> <span class='ocrx_word' id='word_1_377' title='bbox 920 3689 1033 3749; x_wconf 85' lang='grc' dir='ltr'>κεναγγεῖ</span> <span class='ocrx_word' id='word_1_378' title='bbox 1050 3689 1124 3750; x_wconf 82' lang='grc' dir='ltr'>βαρύ-</span> 
     </span>
    </p>
   </div>
   <div class='ocr_carea' id='block_1_7' title="bbox 0 0 1362 4146">
    <p class='ocr_par' dir='ltr' id='par_1_13' title="bbox 0 0 1362 4146">
     <span class='ocr_line' id='line_1_43' title="bbox 0 0 1362 4146; baseline 0 5"><span class='ocrx_word' id='word_1_379' title='bbox 0 0 1362 4146; x_wconf 95' lang='lat' dir='ltr'> </span> 
     </span>
    </p>
   </div>
  </div>
 </body>
</html>
