2716 4146
237 183 298 248 176
544 183 861 250 DEMOSTHENIS

235 336 446 418 ἐξετάσαντες.
483 331 518 400 τί
529 333 583 400 οὑν
601 334 673 400 ἐστι
686 341 806 416 ταῦτα;
829 334 852 402 ἃ
872 335 959 420 ὑμεῖς
977 338 1046 404 ἴστε
1062 336 1115 403 καὶ
1133 338 1169 404 οὑ

166 443 221 500 218
234 435 310 522 παρ’
327 436 415 518 ἡμῶν
437 434 516 519 ὑμεῖς
537 434 673 502 ἅκοὺσαι
693 436 746 502 δεῖ.
791 436 819 504 εἰ
836 437 895 521 μὲν
913 438 975 526 γὰρ
990 437 1104 504 ἅπανθ’
1120 437 1168 503 ὅσ’
1183 465 1244 518 240

234 536 405 626 ὑπέσχονθ’
415 537 486 619 ὑμῖν
495 538 530 602 ἐκ
538 543 593 618 τῆς
602 538 722 624 εἰρήνης
731 538 846 622 γέγονε,
852 540 905 605 καὶ
911 540 1067 621 τοσαύτης
1075 539 1169 606 ἀναν·

234 639 320 725 δρίος
341 641 394 704 καὶ
413 640 523 710 κακίας
543 640 628 723 ὑμεῖς
647 639 830 724 ὁμολογεῖτε
849 640 928 706 εἶναι
947 641 1070 722 μεστοί,
1086 639 1169 708 ὥστε

233 739 304 820 μήτ’
316 741 348 807 ἐν
360 745 397 825 τῇ
409 741 500 829 χώρᾳ
510 744 571 806 τῶν
586 741 749 810 πολεμίων
763 740 862 806 ὄντων
876 741 948 822 μήτ’
957 743 993 806 ἐκ
1008 741 1168 824 θαλάττης

157 857 221 921 409
233 844 492 927 πολιορκούμενοι
501 841 572 925 μήτ’
585 843 618 907 ε’ν
629 840 721 926 ἄλλῳ
731 841 839 924 μηδενὶ
849 841 937 929 δεινῷ
956 841 962 930 Ι
979 845 1035 923 τῆς
1045 845 1168 916 πόλεως

233 943 337 1024 οὔσης,
360 943 447 1008 ἀλλὰ
465 944 520 1007 καὶ
545 947 635 1007 σῖτον
658 942 770 1006 εὔωνον
793 941 957 1024 ὠνούμενοι
983 943 1037 1008 καὶ
1059 944 1168 1010 τᾶλλα

164 1073 221 1130 ²19
233 1045 319 1110 οὐδὲν
336 1050 443 1134 χεῖρον
459 1043 652 1129 πράττοντες
673 1041 693 1122 ἢ
718 1048 779 1120 νῦν,
800 1041 979 1127 προειδότες
1001 1043 1053 1108 καὶ
1067 1069 1166 1130 προα-
1181 1067 1236 1119 241

233 1145 377 1224 κηκοότες
391 1145 480 1229 παρὰ
493 1141 612 1208 τούτων
626 1143 681 1209 καὶ
695 1140 765 1214 τοὺς
784 1144 973 1232 συμμάχους
991 1144 1166 1226 ἀπολουμέ-

232 1274 302 1316 νους
325 1248 378 1312 καὶ
404 1245 566 1326 Θηβαίους
591 1243 740 1332 ἰσχυροὺς
763 1246 989 1328 γενησομένους
1014 1246 1067 1311 καὶ
1087 1246 1167 1311 τάπὶ

233 1349 362 1436 Θρᾴκης
384 1348 553 1414 Φιλιππου
576 1349 761 1434 ληψόμενον
790 1347 843 1411 καὶ
872 1349 905 1412 ἐν
928 1347 1052 1436 Εὐβοίᾳ
1071 1376 1165 1415 κατα·

232 1451 513 1532 σκευασθησὸμενα
530 1447 703 1534 ὁρμητήρια
724 1445 773 1535 ἐφ’
789 1447 868 1530 ὑμᾶς
890 1449 943 1513 καὶ
961 1447 1091 1514 πάνθ’ὶῖ
1111 1452 1166 1516 πέ-

231 1580 372 1639 πρακται
399 1553 600 1636 γενησόμενα,
631 1551 700 1618 εἶτα
728 1553 784 1633 τὴν
813 1551 936 1639 εἰρήνην
970 1555 1166 1636 ἐποιήσασθε

232 1659 409 1742 ἀγαπητῶς,
440 1655 699 1742 ἀποψηφίσασθε
730 1656 896 1744 Αἰσχίνου,
932 1660 986 1723 καὶ
1014 1659 1057 1743 μὴ
1087 1661 1165 1749 πρὸς

231 1847 304 1897 Idem
315 1849 375 1898 feeit
386 1849 470 1897 Vonu.
509 1849 548 1899 cf.
566 1849 628 1900 Mid.
640 1863 665 1910 p.
684 1851 757 1911 5425
777 1854 808 1900 88
827 1854 863 1901 δεῖ
883 1855 912 1913 θη
930 1858 1001 1904 τοῦτο
1017 1859 1045 1906 τὸ
1064 1861 1164 1920 πρᾶγμα

232 1914 292 1972 ὑμᾶς
302 1916 388 1962 οὑτωσὶ
399 1917 545 1976 σκέψασθαι,
562 1917 601 1961 καὶ
613 1917 869 1975 λογίσασθαι......κθν
882 1921 925 1977 μὲν
941 1920 957 1981 ᾖ
960 1958 1017 1969 ......
1021 1927 1165 1984 συγγνώμην

232 1981 302 2037 ἔχειν,
328 1979 368 2026 ἐὰν
390 1980 415 2025 δὲ
430 1981 510 2037 μηδέν,
536 1981 682 2025 θεάσασθε
703 1983 887 2040 uem—pro
910 1982 927 2030 ο“
946 1983 1037 2043 πάντες,
1062 1986 1164 2038 ἅπαντες

233 2040 257 2090 Β.
272 2041 418 2089 Υ.-τίνο
430 2055 518 2089 omnes
530 2043 629 2101 praeter
641 2040 665 2090 S.
680 2041 709 2090 Y.
745 2041 802 2092 Vid.
816 2042 848 2090 ed
859 2047 872 2104 ξ
884 2047 923 2094 70.

281 2107 294 2163 §
307 2105 361 2153 240.
396 2106 444 2165 γὰρ
457 2104 526 2166 (ente
538 2104 632 2166 ἅπανθ’)
645 2119 695 2152 om.
709 2104 733 2154 S.
748 2120 768 2155 r.
783 2119 803 2155 e.
816 2107 865 2154 Εο.
878 2107 967 2158 Teme.
979 2109 1063 2161 Vonu.
1078 2113 1161 2162 Bexx.

232 2168 445 2280 ει-ὑπέξχεθ
457 2167 486 2215 F.
500 2167 527 2227 Q.
543 2167 571 2216 0.
586 2167 611 2214 k.
623 2181 644 2215 r.
656 2181 677 2215 e.
689 2169 707 2218 t.
722 2183 748 2217 u.
757 2182 781 2217 v.
793 2172 819 2217 et
826 2170 893 2231 vulg.
906 2174 966 2220 ente
975 2172 1065 2226 Rem
1100 2178 1163 2226 Mox

233 2233 365 2291 θνανδρείοι
396 2267 401 2280 .

279 2295 358 2354 5241.
391 2297 444 2357 περὶ
462 2294 517 2355 (pro
537 2293 614 2355 ταρθ)
632 2309 652 2345 r.
674 2309 693 2344 s.
715 2299 751 2344 em.
772 2295 1045 2362 ,ΑΕ-γεγενημένους
1060 2303 1087 2352 k.
1104 2318 1125 2351 r.
1139 2319 1159 2353 e.

229 2358 269 2408 Al.
290 2358 329 2406 A’.
352 2359 424 2408 Harl.
448 2360 514 2418 (“e1
536 2359 653 2407 secundis
674 2358 770 2417 euris'’)
792 2362 917 2421 probante
935 2363 1064 2416 Τετιοιιοι
1087 2383 1162 2428 quem

229 2423 367 2471 manifesto
391 2422 512 2471 erravisse
533 2423 601 2471 nihil
622 2437 686 2484 opus
702 2427 741 2472 est
762 2427 791 2472 ut
814 2425 936 2476 evineem.
969 2429 1031 2479 Mox
1051 2434 1111 2481 τάπὶ
1134 2433 1160 2482 S.

230 2618 269 2665 καῖ
281 2613 390 2676 οὑχῖτῶν
402 2614 605 2670 πεπολιτευμένων
622 2613 669 2670 ἐξέ-
719 2626 770 2672 you
788 2613 853 2661 have
872 2613 1003 2675 eowardly‚
1017 2615 1079 2662 with
1097 2631 1161 2677 your

229 2698 298 2729 τοισιν
319 2681 426 2737 ποιήσειν
448 2678 515 2735 ὑμᾶς,
540 2679 579 2724 καὶ
595 2674 670 2737 λόγου
720 2691 778 2738 eyes
795 2691 861 2738 open
889 2680 917 2725 to
943 2677 1050 2739 Philip'e
1075 2679 1160 2729 future

229 2748 305 2805 κρίσιν
318 2743 344 2791 οὑ
357 2742 399 2790 τοὺ
413 2741 445 2802 τῇ
456 2740 524 2788 πόλει
539 2743 669 2801 συμφέρον·
720 2754 808 2789 course
819 2741 846 2789 of
862 2742 953 2802 aetion,
968 2742 1083 2791 deserted
1096 2759 1160 2805 your

229 2827 269 2858 τος
275 2810 378 2865 ἔσεσθαι,
387 2804 469 2852 where
478 2803 570 2851 Diesen
579 2806 668 2864 quotes
720 2805 791 2853 ellies
803 2803 853 2853 end
865 2805 938 2854 mede
949 2820 1025 2866 peeee
1041 2821 1075 2853 on
1090 2807 1159 2856 what

230 2873 308 2920 Thue
324 2871 409 2920 111.67.
438 2868 482 2928 Cp.
495 2882 534 2917 111.
544 2868 576 2914 38
587 2867 669 2915 where
718 2871 798 2916 terme
816 2883 867 2930 you
878 2869 959 2926 could,
975 2869 1008 2930 by
1024 2870 1058 2917 all
1069 2884 1158 2919 meane

229 2937 273 2984 the
284 2935 390 2994 feelings
401 2932 428 2980 of
438 2947 471 2979 en
482 2930 612 2979 Athenian
624 2945 667 2978 eu·
719 2932 804 2992 aequit
826 2931 978 2981 Aeschines:
1004 2932 1050 2980 but
1071 2933 1158 2995 ifyou

230 2999 317 3060 diepce
329 2997 385 3045 who
396 2998 462 3044 went
473 2997 501 3042 to
512 2995 556 3042 the
574 3009 668 3042 essem·
718 2994 783 3044 heve
795 2996 859 3043 been
872 2995 989 3044 deceived
1000 2996 1051 3044 end
1062 2997 1158 3059 eajoled

228 3063 271 3123 bly
282 3062 377 3122 merely
386 3061 416 3108 in
427 3061 501 3120 quest
520 3060 546 3106 of
559 3058 668 3106 intellec·
718 3059 752 3120 by
778 3059 820 3106 hie
847 3059 918 3119 lying
943 3059 1074 3120 promises,
1102 3076 1156 3122 pro-

228 3127 283 3174 ιον]
298 3126 448 3174 excitement
466 3137 509 3172 ere
524 3137 552 3170 eo
569 3121 668 3182 graphi·
718 3137 817 3170 nounce
827 3122 973 3183 judgement
985 3123 1083 3184 against
1092 3124 1155 3184 him,

229 3191 295 3250 celly
310 3187 461 3244 delineeted,
481 3191 552 3236 eluet
571 3188 590 3235 δ’
607 3188 669 3243 ὑμεῖς
719 3191 853 3236 eze—‘⁶
863 3188 998 3246 ὑπέσχοντο
1023 3190 1157 3239 sareastiee

230 3256 307 3303 κακοῖς
344 3251 550 3312 ἀγωνοθετοῦντες,
588 3253 669 3300 οἵτινες
718 3251 780 3298 dicit
797 3264 843 3310 pro
861 3253 973 3312 προεῖπον
988 3252 1076 3300 acerbe
1098 3254 1155 3301 sub·

229 3319 328 3366 εῖώθοτε
350 3318 434 3365 θεαταὶ
455 3318 498 3374 μὲν
523 3315 570 3362 τῶν
591 3315 670 3376 λόγων
718 3328 831 3362 sennene
841 3317 884 3364 τὰς
894 3314 942 3362 τοῖν
952 3316 1157 3374 Μακεδονιζόντων

229 3385 363 3443 γίγνεσθαι,
378 3379 492 3442 α’κροατοῖ
501 3382 527 3428 δὲ
537 3380 584 3426 τοῖν
595 3383 669 3440 ἔργων
718 3379 871 3437 ὑποσχέσειςτ
888 3378 962 3426 facile
977 3379 1047 3427 enim
1060 3381 1154 3429 intelli-

230 3451 304 3496 ω.
717 3442 785 3501 gitur
795 3441 858 3490 telie
868 3441 934 3489 serio
948 3457 1001 3490 non
1014 3458 1088 3504 posse
1106 3445 1156 3494 diei

260 3508 430 3572 §3240-242
466 3507 491 3554 If
506 3506 540 3554 ell
555 3505 667 3566 thepro·
716 3505 935 3566 pollicitationes?
970 3507 1076 3558 Seme.

228 3576 305 3623 miees
332 3571 393 3632 they
414 3570 488 3618 mede
515 3570 579 3617 heve
603 3569 668 3617 been
749 3570 804 3618 409.
820 3571 897 3630 5241.
921 3571 1155 3635 eueeeoteunthe

228 3637 343 3699 suffinae,
362 3634 413 3686 end
435 3648 487 3697 you
510 3633 591 3685 admit
611 3632 668 3682 ffiet
717 3634 803 3695 epn‘ng
822 3635 849 3684 οῖ
869 3637 916 3684 348
938 3649 989 3686 κο.
1010 3639 1056 3684 not
1077 3649 1154 3698 many
