2644 4156
222 248 264 309 22
531 247 850 314 DEMOSTHENIS

223 403 400 487 Κτησίφων
413 403 465 467 καὶ
481 403 498 467 ὁ
518 403 746 488 Ἀριστόδημος
766 405 963 487 ἀπήγγειλαν
976 404 1054 488 πρὸς
1069 405 1155 488 ύρκῖς,

221 505 275 568 καὶ
296 505 376 586 μετὰ
396 505 492 584 ταῦθ’,
519 503 570 570 ὅτε
594 505 651 585 τὴν
677 504 799 589 εἰρήνην
821 506 988 584 ἐποιεῖσθε,
1019 504 1040 571 ἃ
1068 508 1157 580 οὗτος

221 605 440 689 ἐδημηγόρησε,
462 607 514 671 καὶ
536 607 579 676 εἰς
601 605 622 669 ἃ
643 632 669 669 π
689 607 807 694 οήχασι
825 607 881 686 τὴν
894 607 1069 691 πόλιιβκαὶ
1083 612 1156 695 περὶ

220 711 283 772 τῶν
307 707 490 772 ὑπολοίπων
518 712 629 791 (τοῦτο
651 709 676 771 δ’
692 736 730 790 ην
752 711 873 779 Φωκεῖς
894 709 946 774 καὶ
969 710 1088 794 Πύλαι)
1112 713 1155 793 μὴ

219 809 376 896 προέσθαι
391 810 621 888 συνεβούλευον
634 811 713 891 μηδὲ
726 811 828 876 ταύτά
840 812 960 888 παθεῖν,
976 812 1047 894 μηδ’
1062 812 1154 898 ἀνορ-

219 910 373 989 τωμένονς
401 911 532 976 ἐλπίσιν
561 913 597 993 ἐξ
624 911 762 976 ἐλπίδων
790 911 842 976 καὶ
870 911 1086 1000 ὑποσχέσεσιν
1111 913 1155 984 εἷς

145 1019 205 1074 -19
219 1008 398 1097 τοῦσχατον
427 1012 530 1076 ἐλθεῖν
558 1014 600 1076 τά
627 1012 787 1097 πράγματ’
817 1015 916 1079 ἐᾶσαι
954 1015 1007 1078 καὶ
1039 1014 1152 1078 ἔπεισα

42 1114 206 1237 ΝΛΜ
218 1114 318 1174 ταῦτα
341 1112 398 1192 τὴν
420 1114 552 1192 βουλήν.
573 1115 578 1198 Ι
597 1113 703 1193 ἐπειδὴ
727 1113 760 1177 δὲ
786 1113 859 1210 ἧκεν
880 1113 900 1194 ἦ
925 1114 1080 1193 ἐκκλησία
1100 1117 1153 1181 καὶ
1168 1147 1201 1182 21

61 1222 127 1286 ,ρ’
218 1208 297 1294 πρὸς
325 1211 405 1291 ὑμᾶς
433 1211 496 1276 ἔδει
524 1211 637 1293 λέγειν,
664 1207 842 1297 παρελθὼν
860 1215 1016 1301 Αἰσχίνης
1046 1213 1154 1280 οὑτοσὶ

220 1315 345 1396 πρῶτος
359 1311 448 1394 ἡμῶν
469 1313 618 1379 ἁπάντων
642 1317 707 1399 (καὶ
728 1315 806 1400 πρὸς
828 1315 901 1384 Διὸς
923 1316 976 1380 κοῖ
994 1317 1071 1381 θεῶν
1084 1342 1153 1380 πει-

217 1412 317 1494 ρᾶσθε
329 1413 645 1495 συνδιαμνημονεύειν,
656 1415 695 1479 ἀν
706 1414 807 1495 ἀληθῆ
819 1415 911 1496 λέγω·
925 1415 966 1480 τά
976 1417 1037 1500 γὰρ
1046 1417 1153 1483 πάντα

218 1512 257 1578 τὰ
271 1517 445 1597 πράγματα
459 1518 663 1599 λνμηνάμενο
677 1516 762 1598 ὑμῶν
773 1518 826 1583 κοὶ
839 1516 1062 1605 διαφθείραντα
1072 1519 1152 1590 ’ύλως

217 1615 305 1680 τοῦτ’
321 1616 409 1680 ἐστὶν
423 1614 493 1698 ἤδη)
512 1620 567 1681 τοῦ
587 1617 647 1698 μὲν
661 1614 876 1698 ἀπαγγέλλειν
891 1643 922 1680 τι
937 1619 999 1681 τῶν
1012 1643 1150 1693 πεπρεσ-

217 1717 409 1799 βευμένωνῆ
425 1719 574 1803 περὶτῶν
588 1720 621 1782 ἐν
635 1722 674 1802 τῇ
688 1721 793 1802 βουλῇ
807 1718 970 1806 ῥηθέντων,
982 1717 1081 1804 είάρα
1093 1717 1151 1799 ἦμ-

218 1819 370 1903 φισβὴτει
385 1819 430 1901 μὴ
444 1818 547 1900 ἀληθῆ
561 1819 667 1901 λέγειν
682 1819 743 1901 ἐμέ,
762 1818 940 1901 μνησθῆναι
959 1818 1151 1899 πάμπληθες

218 1919 368 2006 ἀπέσχεν,
385 1919 454 1985 εἶπε
476 1919 509 1983 δὲ
530 1921 687 1990 τοιούτους
708 1917 822 2001 λόχους
836 1921 889 1984 καὶ
911 1923 1085 1998 τηλικαῦτα
1099 1919 1152 1985 καὶ
1217 1934 1220 1940 ’

218 2021 333 2086 τοιοῦτ’
358 2021 489 2109 ἔχοντας
518 2019 630 2102 ἀγαθά,
661 2018 737 2084 ὥσθ’
761 2020 903 2090 ἅπαντας
931 2019 1010 2102 ὑμεῖς
1040 2018 1151 2098 λαβεῖν

99 2153 101 2166 =
167 2147 203 2184 20
218 2121 326 2209 ᾤχετο.
363 2123 424 2208 ἔφη
438 2121 499 2207 γὰρ
513 2119 598 2204 ἥκειν
612 2119 768 2191 πεπεικὼς
782 2119 949 2186 Φίλιππον
964 2119 1150 2185 ἀπανθ’ύσα
1165 2150 1200 2187 22

215 2319 258 2370 vL
273 2334 297 2381 p.
312 2322 359 2368 228
369 2321 411 2382 B.)
443 2320 511 2368 Rero
525 2319 635 2381 reperias
650 2321 695 2367 eut
704 2321 800 2380 ἀγηοχα
812 2317 903 2379 (Epist.
923 2316 1012 2379 [Phil.]
1024 2330 1063 2377 ap.
1075 2317 1148 2365 Dem.

215 2398 261 2444 pro
273 2385 385 2446 Ctesiph.
396 2400 421 2446 p.
434 2387 482 2433 238
492 2389 506 2446 ς
516 2387 556 2441 39,
569 2387 594 2432 ei
605 2384 747 2444 Peephism.
759 2397 783 2443 p.
796 2383 842 2432 249
855 2386 868 2441 ἕ
881 2383 920 2442 73)
937 2384 982 2429 eut
999 2379 1049 2442 ἦχοι
1067 2380 1148 2441 (Auel.

217 2448 357 2508 Aristog.L
372 2464 398 2510 p.
411 2452 456 2501 772
468 2453 481 2508 §
492 2451 517 2509 8)
530 2451 633 2508 συνῆχας
649 2449 712 2496 Xen.
725 2448 831 2494 Memor.
844 2459 879 2494 1v.
891 2448 915 2502 2,
928 2447 950 2493 8.
981 2445 1038 2492 Vid.
1050 2444 1148 2493 Buttm.

215 2513 264 2560 Irr.
281 2514 363 2570 Verbo,
374 2527 398 2574 p.
411 2515 434 2564 7.
454 2515 551 2562 Ττοιιιί.
572 2510 709 2572 Phrynioh.
726 2526 752 2572 p.
775 2511 830 2569 121,
848 2512 874 2557 et
892 2509 929 2557 ibi
947 2508 1055 2556 Lobeok
1088 2509 1149 2555 Post

215 2575 310 2625 ἐλπίσιν
321 2579 372 2625 tres
382 2576 472 2625 litoreo
483 2589 569 2624 erasae
580 2576 608 2622 in
621 2576 648 2625 S.

264 2642 326 2700 521.
363 2645 383 2690 εἱ
400 2645 432 2689 εἠ
450 2641 483 2688 A²
502 2641 585 2701 glossa
601 2638 747 2687 manifeste.
789 2637 888 2686 Βολεοὶ,
910 2636 987 2684 vertit
1007 2651 1073 2684 ιιιιτιι.
1106 2634 1148 2681 In·

215 2704 299 2765 tellige
310 2705 396 2766 potius
410 2719 444 2753 οη
463 2707 492 2752 ut
510 2705 538 2751 in
553 2703 723 2752 locutionibus
740 2701 824 2750 dubito
843 2716 885 2758 οη,
903 2702 970 2748 haud
985 2704 1035 2748 ιοὶο
1053 2715 1095 2757 οτι,
1116 2699 1147 2746 de

215 2783 265 2829 que
275 2784 302 2818 re
314 2770 373 2818 olibi
384 2769 497 2818 dicturus
506 2783 571 2816 sum.
600 2770 631 2817 τὰ
641 2770 700 2828 post
709 2769 839 2830 πράγματα
851 2765 967 2828 (repetite
978 2778 1011 2810 so.
1023 2764 1069 2811 ull.
1080 2763 1147 2824 eyll.)

217 2834 241 2883 S.
254 2833 284 2882 Y.
296 2833 560 2894 0.-ἠμφεσβητει
575 2832 694 2880 Voriier.
741 2833 843 2892 ἠμφίσβ.
866 2828 933 2876 libri.
970 2827 1035 2888 [Vid
1059 2828 1144 2876 Cobet.

215 2899 278 2945 Νοο.
294 2899 362 2948 Lect.
383 2912 408 2958 p.
429 2898 484 2954 157,
503 2911 528 2957 p.
552 2896 621 2956 430]
653 2897 742 2966 piadr’
767 2895 791 2943 S.
804 2893 832 2942 Y.
843 2892 871 2952 Q.
881 2891 905 2940 k.
915 2907 934 2938 s.
944 2891 982 2940 Δὶ.
997 2891 1037 2940 A’.
1073 2891 1146 2951 Vulg.

214 2963 274 3008 ente
284 2961 366 3010 Bm.
377 2964 492 3010 τοσοῦτο.
527 2956 670 3018 Utrumque
681 2959 742 3006 setis
753 2959 820 3006 recte
827 2957 876 3005 diei
887 2955 976 3018 probet
987 2954 1049 3002 heeo
1060 2955 1149 3002 Oratio

215 3025 337 3086 exemplis
344 3026 434 3074 mullis
445 3038 508 3085 quae
520 3037 669 3071 enumerare
680 3021 837 3083 supersedeo.

215 3219 267 3251 νους
290 3203 393 3259 ἐλπίσιν,
418 3206 490 3251 κ.τ.λ.
521 3203 536 3228 “
544 3201 657 3262 herging
704 3202 860 3260 πάμπληθεςι
873 3203 998 3260 παντελῶς,
1012 3201 1080 3249 ὅλως.
1098 3198 1148 3245 Ure

214 3280 284 3326 upon
305 3266 384 3326 hopes
406 3267 471 3314 atter
497 3266 578 3327 hopes
604 3264 656 3313 end
705 3279 772 3313 ενοι.
809 3265 901 3312 “Raro
923 3265 1015 3313 dieitur
1035 3263 1148 3312 adverbi-

213 3328 362 3391 promieee.''
706 3328 806 3376 aliterd
840 3329 980 3377 Scirum

244 3393 298 3444 347.
320 3396 334 3453 5
357 3393 396 3440 21.
429 3393 495 3441 τοῦτ’
514 3396 579 3442 ἐστίν
599 3394 654 3454 ἤδη]
737 3394 801 3452 §22-
834 3394 921 3453 comp.
937 3391 1056 3438 Aesohin.
1068 3405 1092 3452 p.
1105 3391 1145 3448 43,

214 3455 268 3504 The
279 3456 429 3504 oollooation
442 3458 469 3503 of
481 3457 528 3516 ἤδη
540 3457 563 3504 ie
580 3459 654 3505 strik-
704 3457 737 3503 44
744 3455 1149 3504 St.=2ee-29313.-Aesehines

212 3520 269 3580 ing:
289 3525 303 3548 ‘⁴
313 3521 364 3567 For
374 3520 432 3568 that
441 3521 524 3569 which
531 3520 578 3568 hos
586 3522 655 3569 ruin-
705 3519 843 3568 somewhat
853 3519 918 3580 trips
928 3517 957 3569 in
967 3518 1020 3566 thie
1036 3518 1109 3578 point
1120 3519 1147 3564 of

213 3584 365 3646 edollyour
375 3583 460 3631 affaire
480 3585 531 3634 end
548 3586 656 3647 entirely
704 3584 747 3631 hie
774 3583 883 3643 delenoe,
913 3581 1100 3642 endeavouring
1119 3583 1147 3628 to

213 3647 346 3710 destroyed
361 3648 441 3707 them,
462 3647 519 3697 thet
536 3663 572 3696 we
590 3649 656 3698 have
706 3648 773 3696 show
784 3647 841 3695 thet
856 3646 890 3694 he
906 3646 958 3695 hod
974 3645 1034 3694 held
1051 3649 1096 3693 out
1113 3658 1148 3691 no

213 3727 267 3763 now
278 3719 305 3762 ot
322 3713 405 3774 lenpth
424 3711 523 3760 arrived
540 3714 657 3762 et.'’—
705 3712 837 3774 promises,
851 3710 897 3759 but
912 3711 1007 3773 merely
1018 3708 1090 3758 eoted
1104 3706 1149 3755 the
