<?xml version="1.0" encoding="UTF-8"?>
<!DOCTYPE html PUBLIC "-//W3C//DTD XHTML 1.0 Transitional//EN"
    "http://www.w3.org/TR/xhtml1/DTD/xhtml1-transitional.dtd">
<html xmlns="http://www.w3.org/1999/xhtml" xml:lang="en" lang="en">
 <head>
  <title>
</title>
<meta http-equiv="Content-Type" content="text/html;charset=utf-8" />
  <meta name='ocr-system' content='tesseract 3.04.00' />
  <meta name='ocr-capabilities' content='ocr_page ocr_carea ocr_par ocr_line ocrx_word'/>
</head>
<body>
  <div class='ocr_page' id='page_1' title='image "./demosthenisdefa00shilgoog_0236.png"; bbox 0 0 2716 4146; ppageno 0'>
   <div class='ocr_carea' id='block_1_1' title="bbox 429 195 1151 286">
    <p class='ocr_par' dir='ltr' id='par_1_1' title="bbox 429 195 1151 286">
     <span class='ocr_line' id='line_1_1' title="bbox 429 195 1151 286; baseline 0.001 -2"><span class='ocrx_word' id='word_1_1' title='bbox 429 220 490 284; x_wconf 75' lang='lat' dir='ltr'>nn</span> <span class='ocrx_word' id='word_1_2' title='bbox 518 220 658 285; x_wconf 78' lang='lat' dir='ltr'><strong>FALSA</strong></span> <span class='ocrx_word' id='word_1_3' title='bbox 687 195 947 286; x_wconf 67' lang='lat' dir='ltr'>Lnnhiionn.</span> <span class='ocrx_word' id='word_1_4' title='bbox 1091 223 1151 285; x_wconf 75' lang='grc' dir='ltr'>ιιι</span> 
     </span>
    </p>
   </div>
   <div class='ocr_carea' id='block_1_2' title="bbox 142 377 1153 1278">
    <p class='ocr_par' dir='ltr' id='par_1_2' title="bbox 215 377 1153 873">
     <span class='ocr_line' id='line_1_2' title="bbox 217 377 1153 471; baseline -0.002 -27"><span class='ocrx_word' id='word_1_5' title='bbox 217 405 307 463; x_wconf 81' lang='grc' dir='ltr'>τερον</span> <span class='ocrx_word' id='word_1_6' title='bbox 329 377 366 471; x_wconf 75' lang='grc' dir='ltr'>τό</span> <span class='ocrx_word' id='word_1_7' title='bbox 389 381 494 447; x_wconf 85' lang='grc' dir='ltr'>καλοῖς</span> <span class='ocrx_word' id='word_1_8' title='bbox 513 381 637 463; x_wconf 83' lang='grc' dir='ltr'>φρονεῖν</span> <span class='ocrx_word' id='word_1_9' title='bbox 656 383 712 443; x_wconf 80' lang='grc' dir='ltr'>τοῦ</span> <span class='ocrx_word' id='word_1_10' title='bbox 738 382 848 454; x_wconf 86' lang='grc' dir='ltr'>κακοῖς,</span> <span class='ocrx_word' id='word_1_11' title='bbox 873 377 947 443; x_wconf 78' lang='grc' dir='ltr'>ἀλλ’</span> <span class='ocrx_word' id='word_1_12' title='bbox 971 379 1004 442; x_wconf 86' lang='grc' dir='ltr'>ἐν</span> <span class='ocrx_word' id='word_1_13' title='bbox 1026 381 1072 463; x_wconf 83' lang='grc' dir='ltr'>τῷ</span> <span class='ocrx_word' id='word_1_14' title='bbox 1094 377 1153 462; x_wconf 80' lang='grc' dir='ltr'>ἴσῳ</span> 
     </span>
     <span class='ocr_line' id='line_1_3' title="bbox 216 477 1152 569; baseline -0.003 -24"><span class='ocrx_word' id='word_1_15' title='bbox 216 483 320 569; x_wconf 76' lang='grc' dir='ltr'>χρόνῳ</span> <span class='ocrx_word' id='word_1_16' title='bbox 346 481 412 546; x_wconf 85' lang='grc' dir='ltr'>νυνὶ</span> <span class='ocrx_word' id='word_1_17' title='bbox 436 480 608 561; x_wconf 82' lang='grc' dir='ltr'>καθήμενος</span> <span class='ocrx_word' id='word_1_18' title='bbox 631 479 717 562; x_wconf 83' lang='grc' dir='ltr'>ὑμῶν</span> <span class='ocrx_word' id='word_1_19' title='bbox 739 481 880 557; x_wconf 78' lang='grc' dir='ltr'>ἕκαστος,</span> <span class='ocrx_word' id='word_1_20' title='bbox 905 479 943 546; x_wconf 85' lang='grc' dir='ltr'>ἂν</span> <span class='ocrx_word' id='word_1_21' title='bbox 965 479 1023 562; x_wconf 82' lang='grc' dir='ltr'>μὲν</span> <span class='ocrx_word' id='word_1_22' title='bbox 1045 477 1067 542; x_wconf 77' lang='grc' dir='ltr'><em>ἃ</em></span> <span class='ocrx_word' id='word_1_23' title='bbox 1089 480 1152 566; x_wconf 80' lang='grc' dir='ltr'>χρὴ</span> 
     </span>
     <span class='ocr_line' id='line_1_4' title="bbox 215 580 1151 668; baseline -0.004 -20"><span class='ocrx_word' id='word_1_24' title='bbox 215 583 375 668; x_wconf 75' lang='grc' dir='ltr'>γιγνώσκῃ</span> <span class='ocrx_word' id='word_1_25' title='bbox 390 582 463 668; x_wconf 86' lang='grc' dir='ltr'>περὶ</span> <span class='ocrx_word' id='word_1_26' title='bbox 477 585 540 647; x_wconf 83' lang='grc' dir='ltr'>τοῖν</span> <span class='ocrx_word' id='word_1_27' title='bbox 554 583 750 667; x_wconf 73' lang='grc' dir='ltr'>πραγμάτων</span> <span class='ocrx_word' id='word_1_28' title='bbox 765 583 818 647; x_wconf 86' lang='grc' dir='ltr'>καὶ</span> <span class='ocrx_word' id='word_1_29' title='bbox 832 582 1021 667; x_wconf 65' lang='grc' dir='ltr'>ψηφίζηται,</span> <span class='ocrx_word' id='word_1_30' title='bbox 1030 580 1151 657; x_wconf 78' lang='grc' dir='ltr'>βελτίω</span> 
     </span>
     <span class='ocr_line' id='line_1_5' title="bbox 216 683 1151 768; baseline -0.002 -16"><span class='ocrx_word' id='word_1_31' title='bbox 216 688 258 752; x_wconf 85' lang='grc' dir='ltr'>τά</span> <span class='ocrx_word' id='word_1_32' title='bbox 279 685 368 750; x_wconf 82' lang='grc' dir='ltr'>κοινά</span> <span class='ocrx_word' id='word_1_33' title='bbox 393 685 519 766; x_wconf 82' lang='grc' dir='ltr'>ποιήσει</span> <span class='ocrx_word' id='word_1_34' title='bbox 542 688 581 768; x_wconf 82' lang='grc' dir='ltr'>τῇ</span> <span class='ocrx_word' id='word_1_35' title='bbox 606 685 698 749; x_wconf 85' lang='grc' dir='ltr'>πόλει</span> <span class='ocrx_word' id='word_1_36' title='bbox 722 685 775 749; x_wconf 85' lang='grc' dir='ltr'>καὶ</span> <span class='ocrx_word' id='word_1_37' title='bbox 800 683 875 766; x_wconf 84' lang='grc' dir='ltr'>ἄξια</span> <span class='ocrx_word' id='word_1_38' title='bbox 900 688 962 748; x_wconf 83' lang='grc' dir='ltr'>τῶν</span> <span class='ocrx_word' id='word_1_39' title='bbox 989 683 1151 767; x_wconf 86' lang='grc' dir='ltr'>προγόνων</span> 
     </span>
     <span class='ocr_line' id='line_1_6' title="bbox 215 783 1151 873; baseline -0.002 -19"><span class='ocrx_word' id='word_1_40' title='bbox 215 787 337 873; x_wconf 83' lang='grc' dir='ltr'>πράξει,</span> <span class='ocrx_word' id='word_1_41' title='bbox 364 787 403 851; x_wconf 80' lang='grc' dir='ltr'>ἂν</span> <span class='ocrx_word' id='word_1_42' title='bbox 429 785 454 850; x_wconf 87' lang='grc' dir='ltr'>δ’</span> <span class='ocrx_word' id='word_1_43' title='bbox 479 785 499 848; x_wconf 79' lang='grc' dir='ltr'><em>ἃ</em></span> <span class='ocrx_word' id='word_1_44' title='bbox 521 785 565 869; x_wconf 80' lang='grc' dir='ltr'>μὴ</span> <span class='ocrx_word' id='word_1_45' title='bbox 589 784 643 865; x_wconf 86' lang='grc' dir='ltr'>δεῖ,</span> <span class='ocrx_word' id='word_1_46' title='bbox 669 786 850 871; x_wconf 86' lang='grc' dir='ltr'>φαυλότερα</span> <span class='ocrx_word' id='word_1_47' title='bbox 874 786 927 850; x_wconf 90' lang='grc' dir='ltr'>καὶ</span> <span class='ocrx_word' id='word_1_48' title='bbox 953 783 1065 868; x_wconf 80' lang='grc' dir='ltr'>ἀνάξια</span> <span class='ocrx_word' id='word_1_49' title='bbox 1089 790 1151 852; x_wconf 86' lang='grc' dir='ltr'>τοῖν</span> 
     </span>
    </p>

    <p class='ocr_par' dir='ltr' id='par_1_3' title="bbox 142 873 1149 975">
     <span class='ocr_line' id='line_1_7' title="bbox 142 873 1149 975; baseline -0.002 -21"><span class='ocrx_word' id='word_1_50' title='bbox 142 913 199 972; x_wconf 84' lang='lat'>307</span> <span class='ocrx_word' id='word_1_51' title='bbox 215 890 376 975; x_wconf 83' lang='grc' dir='ltr'>προγόνων</span> <span class='ocrx_word' id='word_1_52' title='bbox 395 888 530 970; x_wconf 81' lang='grc' dir='ltr'>ποιήσει.</span> <span class='ocrx_word' id='word_1_53' title='bbox 574 889 608 953; x_wconf 88' lang='grc' dir='ltr'>τί</span> <span class='ocrx_word' id='word_1_54' title='bbox 628 886 682 953; x_wconf 81' lang='grc' dir='ltr'>οὖν</span> <span class='ocrx_word' id='word_1_55' title='bbox 703 889 812 953; x_wconf 85' lang='grc' dir='ltr'>ἐκεῖνοι</span> <span class='ocrx_word' id='word_1_56' title='bbox 829 873 912 970; x_wconf 30' lang='grc' dir='ltr'>περὶ,</span> <span class='ocrx_word' id='word_1_57' title='bbox 923 885 1041 952; x_wconf 80' lang='grc' dir='ltr'>τούτων</span> <span class='ocrx_word' id='word_1_58' title='bbox 1058 888 1149 973; x_wconf 84' lang='grc' dir='ltr'>ἐφρό-</span> 
     </span>
    </p>

    <p class='ocr_par' dir='ltr' id='par_1_4' title="bbox 154 989 1148 1278">
     <span class='ocr_line' id='line_1_8' title="bbox 154 989 1148 1077; baseline -0.003 -20"><span class='ocrx_word' id='word_1_59' title='bbox 154 1069 158 1077; x_wconf 88' lang='lat'><strong>.</strong></span> <span class='ocrx_word' id='word_1_60' title='bbox 214 1017 298 1072; x_wconf 88' lang='grc' dir='ltr'>νουν;</span> <span class='ocrx_word' id='word_1_61' title='bbox 332 991 423 1057; x_wconf 88' lang='grc' dir='ltr'>ταυτὶ</span> <span class='ocrx_word' id='word_1_62' title='bbox 451 990 565 1065; x_wconf 73' lang='grc' dir='ltr'>λαβὼν</span> <span class='ocrx_word' id='word_1_63' title='bbox 594 989 760 1074; x_wconf 77' lang='grc' dir='ltr'>ἀνάγνωθι,</span> <span class='ocrx_word' id='word_1_64' title='bbox 788 995 981 1076; x_wconf 85' lang='grc' dir='ltr'>γραμματεῦ·</span> <span class='ocrx_word' id='word_1_65' title='bbox 1014 989 1062 1055; x_wconf 87' lang='grc' dir='ltr'>δεῖ</span> <span class='ocrx_word' id='word_1_66' title='bbox 1088 992 1148 1076; x_wconf 83' lang='grc' dir='ltr'>γάρ</span> 
     </span>
     <span class='ocr_line' id='line_1_9' title="bbox 212 1090 1146 1176; baseline -0.001 -21"><span class='ocrx_word' id='word_1_67' title='bbox 212 1091 293 1173; x_wconf 83' lang='grc' dir='ltr'>ὑμᾶς</span> <span class='ocrx_word' id='word_1_68' title='bbox 307 1091 419 1156; x_wconf 84' lang='grc' dir='ltr'>εἰδέναι</span> <span class='ocrx_word' id='word_1_69' title='bbox 441 1090 490 1156; x_wconf 84' lang='grc' dir='ltr'>ότι</span> <span class='ocrx_word' id='word_1_70' title='bbox 513 1091 567 1156; x_wconf 85' lang='grc' dir='ltr'>ἐπὶ</span> <span class='ocrx_word' id='word_1_71' title='bbox 590 1098 654 1162; x_wconf 88' lang='grc' dir='ltr'>τοῖς</span> <span class='ocrx_word' id='word_1_72' title='bbox 677 1090 827 1160; x_wconf 79' lang='grc' dir='ltr'>τοιούτοις</span> <span class='ocrx_word' id='word_1_73' title='bbox 850 1090 953 1176; x_wconf 85' lang='grc' dir='ltr'>ἔργοις</span> <span class='ocrx_word' id='word_1_74' title='bbox 975 1091 1146 1176; x_wconf 72' lang='grc' dir='ltr'>ῥᾳθυμεῖτε,</span> 
     </span>
     <span class='ocr_line' id='line_1_10' title="bbox 213 1194 989 1278; baseline -0.001 -18"><span class='ocrx_word' id='word_1_75' title='bbox 213 1195 255 1260; x_wconf 83' lang='grc' dir='ltr'>ὦν</span> <span class='ocrx_word' id='word_1_76' title='bbox 270 1194 405 1260; x_wconf 89' lang='grc' dir='ltr'>θάνατον</span> <span class='ocrx_word' id='word_1_77' title='bbox 419 1195 652 1278; x_wconf 78' lang='grc' dir='ltr'>κατεγνώκασιν</span> <span class='ocrx_word' id='word_1_78' title='bbox 666 1195 698 1259; x_wconf 91' lang='grc' dir='ltr'>οἱ</span> <span class='ocrx_word' id='word_1_79' title='bbox 709 1194 865 1278; x_wconf 87' lang='grc' dir='ltr'>πρόγονοι.</span> <span class='ocrx_word' id='word_1_80' title='bbox 908 1194 989 1275; x_wconf 83' lang='grc' dir='ltr'>λέγε.</span> 
     </span>
    </p>
   </div>
   <div class='ocr_carea' id='block_1_3' title="bbox 582 1356 1222 1446">
    <p class='ocr_par' dir='ltr' id='par_1_5' title="bbox 582 1356 1222 1446">
     <span class='ocr_line' id='line_1_11' title="bbox 582 1356 1222 1446; baseline -0.013 -22"><span class='ocrx_word' id='word_1_81' title='bbox 582 1361 589 1446; x_wconf 85' lang='grc' dir='ltr'>Ι</span> <span class='ocrx_word' id='word_1_82' title='bbox 608 1356 769 1428; x_wconf 84' lang='grc' dir='ltr'>ΣΤΗΛΗ.</span> <span class='ocrx_word' id='word_1_83' title='bbox 1159 1359 1222 1432; x_wconf 87' lang='lat'>428</span> 
     </span>
    </p>
   </div>
   <div class='ocr_carea' id='block_1_4' title="bbox 132 1483 1215 1878">
    <p class='ocr_par' dir='ltr' id='par_1_6' title="bbox 139 1483 1215 1770">
     <span class='ocr_line' id='line_1_12' title="bbox 139 1483 1215 1571; baseline 0 -23"><span class='ocrx_word' id='word_1_84' title='bbox 139 1493 197 1564; x_wconf 86' lang='lat'>308</span> <span class='ocrx_word' id='word_1_85' title='bbox 273 1483 427 1561; x_wconf 81' lang='grc' dir='ltr'>Ἀκούετε,</span> <span class='ocrx_word' id='word_1_86' title='bbox 444 1483 468 1549; x_wconf 80' lang='grc' dir='ltr'><em>ὦ</em></span> <span class='ocrx_word' id='word_1_87' title='bbox 483 1483 590 1569; x_wconf 81' lang='grc' dir='ltr'>ἄνδρες</span> <span class='ocrx_word' id='word_1_88' title='bbox 611 1484 781 1564; x_wconf 87' lang='grc' dir='ltr'>Ἀθηναῖοι,</span> <span class='ocrx_word' id='word_1_89' title='bbox 799 1487 860 1549; x_wconf 81' lang='grc' dir='ltr'>τοῖν</span> <span class='ocrx_word' id='word_1_90' title='bbox 877 1483 1072 1571; x_wconf 82' lang='grc' dir='ltr'>γραμμάτων</span> <span class='ocrx_word' id='word_1_91' title='bbox 1092 1493 1145 1548; x_wconf 88' lang='grc' dir='ltr'>λε·</span> <span class='ocrx_word' id='word_1_92' title='bbox 1162 1504 1215 1561; x_wconf 88' lang='lat'>271</span> 
     </span>
     <span class='ocr_line' id='line_1_13' title="bbox 208 1585 1145 1673; baseline -0.001 -23"><span class='ocrx_word' id='word_1_93' title='bbox 208 1586 328 1668; x_wconf 88' lang='grc' dir='ltr'>γόντων</span> <span class='ocrx_word' id='word_1_94' title='bbox 338 1587 494 1673; x_wconf 75' lang='grc' dir='ltr'>Ἄρθμιον</span> <span class='ocrx_word' id='word_1_95' title='bbox 508 1588 561 1651; x_wconf 84' lang='grc' dir='ltr'>τὸν</span> <span class='ocrx_word' id='word_1_96' title='bbox 577 1587 786 1656; x_wconf 77' lang='grc' dir='ltr'>Πυθώνακτος</span> <span class='ocrx_word' id='word_1_97' title='bbox 800 1587 854 1652; x_wconf 88' lang='grc' dir='ltr'>τὸν</span> <span class='ocrx_word' id='word_1_98' title='bbox 868 1586 1017 1667; x_wconf 71' lang='grc' dir='ltr'>Ζελείτην</span> <span class='ocrx_word' id='word_1_99' title='bbox 1032 1585 1145 1672; x_wconf 85' lang='grc' dir='ltr'>ἐχθρόν</span> 
     </span>
     <span class='ocr_line' id='line_1_14' title="bbox 209 1687 1144 1770; baseline 0.004 -18"><span class='ocrx_word' id='word_1_100' title='bbox 209 1687 287 1753; x_wconf 81' lang='grc' dir='ltr'>εἶναι</span> <span class='ocrx_word' id='word_1_101' title='bbox 301 1690 355 1754; x_wconf 85' lang='grc' dir='ltr'>καὶ</span> <span class='ocrx_word' id='word_1_102' title='bbox 368 1689 523 1770; x_wconf 80' lang='grc' dir='ltr'>πολέμιον</span> <span class='ocrx_word' id='word_1_103' title='bbox 546 1694 601 1754; x_wconf 83' lang='grc' dir='ltr'>τοῦ</span> <span class='ocrx_word' id='word_1_104' title='bbox 625 1687 723 1768; x_wconf 80' lang='grc' dir='ltr'>δήμου</span> <span class='ocrx_word' id='word_1_105' title='bbox 742 1694 798 1754; x_wconf 86' lang='grc' dir='ltr'>τοῦ</span> <span class='ocrx_word' id='word_1_106' title='bbox 820 1689 997 1769; x_wconf 82' lang='grc' dir='ltr'>Ἀθηναίων</span> <span class='ocrx_word' id='word_1_107' title='bbox 1014 1692 1144 1756; x_wconf 82' lang='grc' dir='ltr'>καὶτῶν</span> 
     </span>
    </p>

    <p class='ocr_par' dir='ltr' id='par_1_7' title="bbox 132 1788 1144 1878">
     <span class='ocr_line' id='line_1_15' title="bbox 132 1788 1144 1878; baseline 0 -24"><span class='ocrx_word' id='word_1_108' title='bbox 132 1805 135 1812; x_wconf 95' lang='grc'><strong>’</strong></span> <span class='ocrx_word' id='word_1_109' title='bbox 208 1789 390 1878; x_wconf 84' lang='grc' dir='ltr'>συμμάχων</span> <span class='ocrx_word' id='word_1_110' title='bbox 418 1790 511 1856; x_wconf 70' lang='grc' dir='ltr'>αὐτὸν</span> <span class='ocrx_word' id='word_1_111' title='bbox 539 1791 592 1855; x_wconf 85' lang='grc' dir='ltr'>καὶ</span> <span class='ocrx_word' id='word_1_112' title='bbox 619 1789 708 1872; x_wconf 82' lang='grc' dir='ltr'>γένος</span> <span class='ocrx_word' id='word_1_113' title='bbox 735 1794 810 1855; x_wconf 83' lang='grc' dir='ltr'>πᾶν.</span> <span class='ocrx_word' id='word_1_114' title='bbox 855 1788 906 1855; x_wconf 85' lang='grc' dir='ltr'>διὰ</span> <span class='ocrx_word' id='word_1_115' title='bbox 934 1790 980 1870; x_wconf 87' lang='grc' dir='ltr'>τί;</span> <span class='ocrx_word' id='word_1_116' title='bbox 1013 1790 1061 1854; x_wconf 84' lang='grc' dir='ltr'>ότι</span> <span class='ocrx_word' id='word_1_117' title='bbox 1090 1791 1144 1854; x_wconf 84' lang='grc' dir='ltr'>τόν</span> 
     </span>
    </p>
   </div>
   <div class='ocr_carea' id='block_1_5' title="bbox 205 1988 1204 2498">
    <p class='ocr_par' dir='ltr' id='par_1_8' title="bbox 208 1988 1136 2103">
     <span class='ocr_line' id='line_1_16' title="bbox 208 1988 1136 2101; baseline 0.003 -64"><span class='ocrx_word' id='word_1_118' title='bbox 208 2052 231 2101; x_wconf 67' lang='grc' dir='ltr'>Β</span> <span class='ocrx_word' id='word_1_119' title='bbox 255 1989 332 2050; x_wconf 68' lang='grc' dir='ltr'><strong>ς306.</strong></span> <span class='ocrx_word' id='word_1_120' title='bbox 369 1989 518 2052; x_wconf 72' lang='grc' dir='ltr'>φλαυρότεροι</span> <span class='ocrx_word' id='word_1_121' title='bbox 531 2003 550 2039; x_wconf 87' lang='lat' dir='ltr'>r.</span> <span class='ocrx_word' id='word_1_122' title='bbox 581 1988 637 2039; x_wconf 83' lang='lat' dir='ltr'>Vid.</span> <span class='ocrx_word' id='word_1_123' title='bbox 657 1991 709 2039; x_wconf 71' lang='lat' dir='ltr'>not</span> <span class='ocrx_word' id='word_1_124' title='bbox 743 1988 802 2037; x_wconf 87' lang='lat' dir='ltr'>Mox</span> <span class='ocrx_word' id='word_1_125' title='bbox 812 2007 840 2038; x_wconf 88' lang='grc' dir='ltr'>τε</span> <span class='ocrx_word' id='word_1_126' title='bbox 854 1991 893 2039; x_wconf 79' lang='grc' dir='ltr'>καὶ</span> <span class='ocrx_word' id='word_1_127' title='bbox 907 1989 935 2040; x_wconf 74' lang='lat' dir='ltr'>F.</span> <span class='ocrx_word' id='word_1_128' title='bbox 958 1990 987 2040; x_wconf 87' lang='lat' dir='ltr'>Y.</span> <span class='ocrx_word' id='word_1_129' title='bbox 1008 1990 1036 2051; x_wconf 84' lang='lat' dir='ltr'>Q.</span> <span class='ocrx_word' id='word_1_130' title='bbox 1058 1990 1086 2042; x_wconf 86' lang='lat'>0.</span> <span class='ocrx_word' id='word_1_131' title='bbox 1107 1991 1136 2041; x_wconf 92' lang='grc' dir='ltr'>Β.</span> 
     </span>
     <span class='ocr_line' id='line_1_17' title="bbox 232 2067 297 2103; baseline 0.046 -3"><span class='ocrx_word' id='word_1_132' title='bbox 232 2067 297 2103; x_wconf 72' lang='lat' dir='ltr'>nnn</span> 
     </span>
    </p>

    <p class='ocr_par' dir='ltr' id='par_1_9' title="bbox 206 2116 1138 2305">
     <span class='ocr_line' id='line_1_18' title="bbox 254 2116 1135 2177; baseline 0.007 -13"><span class='ocrx_word' id='word_1_133' title='bbox 254 2119 332 2177; x_wconf 65' lang='lat'><strong>5307.</strong></span> <span class='ocrx_word' id='word_1_134' title='bbox 367 2116 416 2164; x_wconf 87' lang='lat' dir='ltr'>Pro</span> <span class='ocrx_word' id='word_1_135' title='bbox 428 2119 518 2176; x_wconf 79' lang='grc' dir='ltr'>εἰδέναι,</span> <span class='ocrx_word' id='word_1_136' title='bbox 533 2119 588 2166; x_wconf 81' lang='grc' dir='ltr'>ἰδεῖν</span> <span class='ocrx_word' id='word_1_137' title='bbox 600 2116 624 2166; x_wconf 88' lang='lat' dir='ltr'>S.</span> <span class='ocrx_word' id='word_1_138' title='bbox 639 2117 686 2166; x_wconf 86' lang='lat' dir='ltr'>En.</span> <span class='ocrx_word' id='word_1_139' title='bbox 702 2116 883 2168; x_wconf 77' lang='grc' dir='ltr'>Τυαιο.1)ιυο.</span> <span class='ocrx_word' id='word_1_140' title='bbox 901 2118 985 2167; x_wconf 81' lang='lat' dir='ltr'>Vonn.</span> <span class='ocrx_word' id='word_1_141' title='bbox 1003 2119 1086 2168; x_wconf 78' lang='lat' dir='ltr'>Bm.</span> <span class='ocrx_word' id='word_1_142' title='bbox 1105 2122 1135 2169; x_wconf 82' lang='lat' dir='ltr'>st.</span> 
     </span>
     <span class='ocr_line' id='line_1_19' title="bbox 206 2179 1138 2239; baseline 0.004 -11"><span class='ocrx_word' id='word_1_143' title='bbox 206 2179 261 2230; x_wconf 67' lang='lat' dir='ltr'>Vin</span> <span class='ocrx_word' id='word_1_144' title='bbox 276 2181 352 2239; x_wconf 65' lang='lat'>§284</span> <span class='ocrx_word' id='word_1_145' title='bbox 358 2183 601 2229; x_wconf 81' lang='grc' dir='ltr'><strong>--ΓΡΑΜΜΑΤΑ</strong></span> <span class='ocrx_word' id='word_1_146' title='bbox 621 2183 775 2229; x_wconf 78' lang='grc' dir='ltr'><strong>ΕΚΛΟΓΗΣ</strong></span> <span class='ocrx_word' id='word_1_147' title='bbox 794 2180 818 2230; x_wconf 76' lang='lat' dir='ltr'>S.</span> <span class='ocrx_word' id='word_1_148' title='bbox 832 2180 861 2230; x_wconf 87' lang='lat' dir='ltr'>Y.</span> <span class='ocrx_word' id='word_1_149' title='bbox 876 2181 904 2231; x_wconf 91' lang='grc' dir='ltr'>Ο.</span> <span class='ocrx_word' id='word_1_150' title='bbox 917 2184 935 2231; x_wconf 88' lang='grc' dir='ltr'>ι.</span> <span class='ocrx_word' id='word_1_151' title='bbox 947 2196 971 2232; x_wconf 91' lang='lat' dir='ltr'>u.</span> <span class='ocrx_word' id='word_1_152' title='bbox 986 2197 1009 2233; x_wconf 85' lang='lat' dir='ltr'>v.</span> <span class='ocrx_word' id='word_1_153' title='bbox 1038 2186 1138 2232; x_wconf 86' lang='lat' dir='ltr'>PPAM-</span> 
     </span>
     <span class='ocr_line' id='line_1_20' title="bbox 207 2244 1036 2305; baseline 0.001 -11"><span class='ocrx_word' id='word_1_154' title='bbox 207 2246 298 2294; x_wconf 77' lang='lat' dir='ltr'><strong>MATA</strong></span> <span class='ocrx_word' id='word_1_155' title='bbox 315 2247 359 2300; x_wconf 75' lang='grc' dir='ltr'>ΕΚ</span> <span class='ocrx_word' id='word_1_156' title='bbox 376 2247 514 2297; x_wconf 80' lang='grc' dir='ltr'><strong>ΣΤΗΛΗΣ</strong></span> <span class='ocrx_word' id='word_1_157' title='bbox 531 2245 609 2305; x_wconf 77' lang='lat' dir='ltr'><strong>Marg.</strong></span> <span class='ocrx_word' id='word_1_158' title='bbox 624 2245 674 2293; x_wconf 82' lang='lat' dir='ltr'>Ed.</span> <span class='ocrx_word' id='word_1_159' title='bbox 687 2245 769 2294; x_wconf 86' lang='lat' dir='ltr'><strong>Lutet.</strong></span> <span class='ocrx_word' id='word_1_160' title='bbox 784 2245 832 2294; x_wconf 84' lang='lat' dir='ltr'>En.</span> <span class='ocrx_word' id='word_1_161' title='bbox 848 2244 935 2295; x_wconf 74' lang='grc' dir='ltr'>Τυνιο.</span> <span class='ocrx_word' id='word_1_162' title='bbox 951 2245 1036 2296; x_wconf 78' lang='lat' dir='ltr'>Vonn.</span> 
     </span>
    </p>

    <p class='ocr_par' dir='ltr' id='par_1_10' title="bbox 205 2308 1204 2498">
     <span class='ocr_line' id='line_1_21' title="bbox 255 2308 1204 2371; baseline -0.002 -15"><span class='ocrx_word' id='word_1_163' title='bbox 255 2311 333 2368; x_wconf 68' lang='lat'><strong>5308.</strong></span> <span class='ocrx_word' id='word_1_164' title='bbox 370 2313 409 2357; x_wconf 78' lang='grc' dir='ltr'>καὶ</span> <span class='ocrx_word' id='word_1_165' title='bbox 420 2313 490 2369; x_wconf 81' lang='grc' dir='ltr'>γένος</span> <span class='ocrx_word' id='word_1_166' title='bbox 502 2323 551 2358; x_wconf 89' lang='lat' dir='ltr'>om.</span> <span class='ocrx_word' id='word_1_167' title='bbox 566 2324 603 2369; x_wconf 89' lang='lat' dir='ltr'>pr.</span> <span class='ocrx_word' id='word_1_168' title='bbox 619 2309 643 2358; x_wconf 80' lang='lat' dir='ltr'>S.</span> <span class='ocrx_word' id='word_1_169' title='bbox 658 2308 715 2358; x_wconf 75' lang='lat' dir='ltr'><strong>add.</strong></span> <span class='ocrx_word' id='word_1_170' title='bbox 730 2308 808 2368; x_wconf 83' lang='lat' dir='ltr'><strong>antiq.</strong></span> <span class='ocrx_word' id='word_1_171' title='bbox 840 2308 900 2356; x_wconf 84' lang='lat' dir='ltr'><strong>Post</strong></span> <span class='ocrx_word' id='word_1_172' title='bbox 912 2314 1009 2371; x_wconf 83' lang='grc' dir='ltr'>χρυσὸν,</span> <span class='ocrx_word' id='word_1_173' title='bbox 1028 2311 1069 2358; x_wconf 83' lang='grc' dir='ltr'>τόν</span> <span class='ocrx_word' id='word_1_174' title='bbox 1087 2325 1135 2361; x_wconf 89' lang='lat' dir='ltr'>om.</span> <span class='ocrx_word' id='word_1_175' title='bbox 1157 2323 1161 2330; x_wconf 80' lang='grc'><em>“</em></span> <span class='ocrx_word' id='word_1_176' title='bbox 1201 2345 1204 2354; x_wconf 94' lang='grc'>,</span> 
     </span>
     <span class='ocr_line' id='line_1_22' title="bbox 205 2371 1138 2434; baseline 0.003 -14"><span class='ocrx_word' id='word_1_177' title='bbox 205 2371 233 2422; x_wconf 86' lang='lat' dir='ltr'>F.</span> <span class='ocrx_word' id='word_1_178' title='bbox 249 2373 273 2422; x_wconf 82' lang='lat' dir='ltr'>S.</span> <span class='ocrx_word' id='word_1_179' title='bbox 287 2372 316 2422; x_wconf 87' lang='lat' dir='ltr'>Y.</span> <span class='ocrx_word' id='word_1_180' title='bbox 331 2373 359 2434; x_wconf 84' lang='lat' dir='ltr'>Q.</span> <span class='ocrx_word' id='word_1_181' title='bbox 375 2373 402 2422; x_wconf 92' lang='lat'>0.</span> <span class='ocrx_word' id='word_1_182' title='bbox 415 2375 432 2422; x_wconf 86' lang='lat' dir='ltr'>t.</span> <span class='ocrx_word' id='word_1_183' title='bbox 447 2387 472 2422; x_wconf 89' lang='lat' dir='ltr'>u.</span> <span class='ocrx_word' id='word_1_184' title='bbox 492 2389 515 2423; x_wconf 88' lang='lat' dir='ltr'>v.</span> <span class='ocrx_word' id='word_1_185' title='bbox 529 2373 558 2422; x_wconf 92' lang='grc' dir='ltr'>Β.</span> <span class='ocrx_word' id='word_1_186' title='bbox 573 2373 656 2421; x_wconf 79' lang='lat' dir='ltr'>Vonn.</span> <span class='ocrx_word' id='word_1_187' title='bbox 677 2373 759 2422; x_wconf 73' lang='lat' dir='ltr'>ann</span> <span class='ocrx_word' id='word_1_188' title='bbox 779 2375 809 2421; x_wconf 82' lang='lat' dir='ltr'>st.</span> <span class='ocrx_word' id='word_1_189' title='bbox 857 2372 953 2433; x_wconf 84' lang='lat' dir='ltr'>Quibus</span> <span class='ocrx_word' id='word_1_190' title='bbox 977 2373 999 2420; x_wconf 85' lang='lat' dir='ltr'>si</span> <span class='ocrx_word' id='word_1_191' title='bbox 1021 2374 1079 2434; x_wconf 80' lang='lat' dir='ltr'><strong>quis</strong></span> <span class='ocrx_word' id='word_1_192' title='bbox 1096 2376 1138 2423; x_wconf 91' lang='lat' dir='ltr'>ob-</span> 
     </span>
     <span class='ocr_line' id='line_1_23' title="bbox 205 2435 1138 2498; baseline 0.004 -14"><span class='ocrx_word' id='word_1_193' title='bbox 205 2440 332 2498; x_wconf 75' lang='lat' dir='ltr'><strong>sequatur,</strong></span> <span class='ocrx_word' id='word_1_194' title='bbox 349 2435 407 2484; x_wconf 79' lang='lat' dir='ltr'><strong>vide</strong></span> <span class='ocrx_word' id='word_1_195' title='bbox 417 2451 450 2484; x_wconf 80' lang='lat' dir='ltr'>ne</span> <span class='ocrx_word' id='word_1_196' title='bbox 463 2437 505 2486; x_wconf 80' lang='grc' dir='ltr'>τὸν</span> <span class='ocrx_word' id='word_1_197' title='bbox 515 2440 574 2485; x_wconf 81' lang='lat' dir='ltr'>ante</span> <span class='ocrx_word' id='word_1_198' title='bbox 585 2435 676 2498; x_wconf 80' lang='grc' dir='ltr'>χρυσόν</span> <span class='ocrx_word' id='word_1_199' title='bbox 688 2435 858 2483; x_wconf 88' lang='lat' dir='ltr'><strong>omittendum</strong></span> <span class='ocrx_word' id='word_1_200' title='bbox 878 2437 918 2486; x_wconf 81' lang='lat' dir='ltr'>sit.</span> <span class='ocrx_word' id='word_1_201' title='bbox 967 2437 1054 2488; x_wconf 83' lang='lat' dir='ltr'><strong>Voem.</strong></span> <span class='ocrx_word' id='word_1_202' title='bbox 1076 2439 1138 2488; x_wconf 80' lang='lat' dir='ltr'><strong>citat</strong></span> 
     </span>
    </p>
   </div>
   <div class='ocr_carea' id='block_1_6' title="bbox 199 2598 1139 3749">
    <p class='ocr_par' dir='ltr' id='par_1_11' title="bbox 199 2598 1139 3749">
     <span class='ocr_line' id='line_1_24' title="bbox 236 2598 1137 2662; baseline 0 -13"><span class='ocrx_word' id='word_1_203' title='bbox 236 2601 315 2662; x_wconf 79' lang='lat'><strong>§306-</strong></span> <span class='ocrx_word' id='word_1_204' title='bbox 349 2601 404 2649; x_wconf 76' lang='grc' dir='ltr'>ἀλλ’</span> <span class='ocrx_word' id='word_1_205' title='bbox 419 2603 443 2649; x_wconf 76' lang='grc' dir='ltr'>ἐν</span> <span class='ocrx_word' id='word_1_206' title='bbox 458 2601 495 2662; x_wconf 78' lang='grc' dir='ltr'>τῷ</span> <span class='ocrx_word' id='word_1_207' title='bbox 509 2603 554 2660; x_wconf 73' lang='grc' dir='ltr'>ἴσῳ</span> <span class='ocrx_word' id='word_1_208' title='bbox 570 2600 648 2660; x_wconf 82' lang='grc' dir='ltr'>χρόνῳ</span> <span class='ocrx_word' id='word_1_209' title='bbox 696 2600 802 2658; x_wconf 82' lang='grc' dir='ltr'>φλαῦρον</span> <span class='ocrx_word' id='word_1_210' title='bbox 823 2598 978 2661; x_wconf 79' lang='grc' dir='ltr'>(ἀπαγγελθῇ</span> <span class='ocrx_word' id='word_1_211' title='bbox 996 2601 1028 2659; x_wconf 80' lang='grc' dir='ltr'>τῇ</span> <span class='ocrx_word' id='word_1_212' title='bbox 1050 2603 1137 2662; x_wconf 82' lang='grc' dir='ltr'>πόλει),</span> 
     </span>
     <span class='ocr_line' id='line_1_25' title="bbox 204 2662 1139 2726; baseline 0 -12"><span class='ocrx_word' id='word_1_213' title='bbox 204 2666 291 2726; x_wconf 88' lang='grc' dir='ltr'>κ.τ.λ.]</span> <span class='ocrx_word' id='word_1_214' title='bbox 318 2665 343 2712; x_wconf 87' lang='lat' dir='ltr'>It</span> <span class='ocrx_word' id='word_1_215' title='bbox 365 2664 436 2712; x_wconf 78' lang='lat' dir='ltr'><strong>takes</strong></span> <span class='ocrx_word' id='word_1_216' title='bbox 462 2679 498 2724; x_wconf 91' lang='lat' dir='ltr'>up</span> <span class='ocrx_word' id='word_1_217' title='bbox 520 2678 555 2710; x_wconf 91' lang='lat' dir='ltr'>no</span> <span class='ocrx_word' id='word_1_218' title='bbox 576 2677 646 2710; x_wconf 82' lang='lat' dir='ltr'><strong>more</strong></span> <span class='ocrx_word' id='word_1_219' title='bbox 695 2662 816 2710; x_wconf 74' lang='lat' dir='ltr'>Aristoni.</span> <span class='ocrx_word' id='word_1_220' title='bbox 828 2676 852 2722; x_wconf 92' lang='lat' dir='ltr'>p.</span> <span class='ocrx_word' id='word_1_221' title='bbox 867 2663 976 2720; x_wconf 64' lang='lat'>651592</span> <span class='ocrx_word' id='word_1_222' title='bbox 992 2665 1009 2721; x_wconf 80' lang='grc' dir='ltr'>ἥ</span> <span class='ocrx_word' id='word_1_223' title='bbox 1025 2681 1055 2724; x_wconf 87' lang='grc' dir='ltr'>γε</span> <span class='ocrx_word' id='word_1_224' title='bbox 1071 2667 1139 2714; x_wconf 81' lang='grc' dir='ltr'>πόλις</span> 
     </span>
     <span class='ocr_line' id='line_1_26' title="bbox 204 2727 1138 2788; baseline 0 -12"><span class='ocrx_word' id='word_1_225' title='bbox 204 2727 511 2778; x_wconf 78' lang='lat' dir='ltr'><strong>timetovoteusefulnnd</strong></span> <span class='ocrx_word' id='word_1_226' title='bbox 523 2727 642 2787; x_wconf 67' lang='lat' dir='ltr'><strong>salutnry,</strong></span> <span class='ocrx_word' id='word_1_227' title='bbox 696 2729 802 2788; x_wconf 83' lang='grc' dir='ltr'>φλαῦρον</span> <span class='ocrx_word' id='word_1_228' title='bbox 824 2729 888 2775; x_wconf 81' lang='grc' dir='ltr'>οὐδὲν</span> <span class='ocrx_word' id='word_1_229' title='bbox 906 2729 1014 2776; x_wconf 76' lang='grc' dir='ltr'>πείσεται</span> <span class='ocrx_word' id='word_1_230' title='bbox 1032 2731 1138 2776; x_wconf 79' lang='grc' dir='ltr'>κατὰτὸ</span> 
     </span>
     <span class='ocr_line' id='line_1_27' title="bbox 202 2789 1136 2852; baseline -0.003 -11"><span class='ocrx_word' id='word_1_231' title='bbox 202 2793 267 2841; x_wconf 84' lang='lat' dir='ltr'>than</span> <span class='ocrx_word' id='word_1_232' title='bbox 278 2791 328 2840; x_wconf 80' lang='lat' dir='ltr'>bnd</span> <span class='ocrx_word' id='word_1_233' title='bbox 344 2791 395 2839; x_wconf 79' lang='lat' dir='ltr'>and</span> <span class='ocrx_word' id='word_1_234' title='bbox 411 2791 559 2851; x_wconf 82' lang='lat' dir='ltr'><strong>degenerate</strong></span> <span class='ocrx_word' id='word_1_235' title='bbox 578 2804 645 2838; x_wconf 82' lang='lat' dir='ltr'><strong>mea·</strong></span> <span class='ocrx_word' id='word_1_236' title='bbox 697 2793 811 2852; x_wconf 73' lang='grc' dir='ltr'>ψήφισμα</span> <span class='ocrx_word' id='word_1_237' title='bbox 828 2793 904 2850; x_wconf 82' lang='grc' dir='ltr'>τοῦτο,</span> <span class='ocrx_word' id='word_1_238' title='bbox 925 2789 1034 2838; x_wconf 79' lang='lat' dir='ltr'><strong>Timocr.</strong></span> <span class='ocrx_word' id='word_1_239' title='bbox 1050 2805 1074 2851; x_wconf 89' lang='lat' dir='ltr'>p.</span> <span class='ocrx_word' id='word_1_240' title='bbox 1090 2793 1136 2842; x_wconf 77' lang='grc'>749</span> 
     </span>
     <span class='ocr_line' id='line_1_28' title="bbox 204 2854 1138 2916; baseline -0.002 -10"><span class='ocrx_word' id='word_1_241' title='bbox 204 2856 495 2916; x_wconf 47' lang='grc' dir='ltr'>ωηεν-φαυλότερα]</span> <span class='ocrx_word' id='word_1_242' title='bbox 528 2854 601 2902; x_wconf 84' lang='lat' dir='ltr'><strong>Phot.</strong></span> <span class='ocrx_word' id='word_1_243' title='bbox 618 2869 643 2915; x_wconf 91' lang='lat' dir='ltr'>p.</span> <span class='ocrx_word' id='word_1_244' title='bbox 695 2857 708 2914; x_wconf 70' lang='grc' dir='ltr'><strong>ἓ</strong></span> <span class='ocrx_word' id='word_1_245' title='bbox 729 2855 775 2902; x_wconf 83' lang='grc'>158</span> <span class='ocrx_word' id='word_1_246' title='bbox 793 2857 829 2902; x_wconf 87' lang='grc' dir='ltr'>ότι</span> <span class='ocrx_word' id='word_1_247' title='bbox 851 2857 915 2902; x_wconf 77' lang='grc' dir='ltr'>οὐδὲν</span> <span class='ocrx_word' id='word_1_248' title='bbox 934 2856 999 2914; x_wconf 80' lang='grc' dir='ltr'>αὐτῷ</span> <span class='ocrx_word' id='word_1_249' title='bbox 1014 2858 1138 2916; x_wconf 85' lang='grc' dir='ltr'>γενήσοιτο</span> 
     </span>
     <span class='ocr_line' id='line_1_29' title="bbox 203 2918 1120 2980; baseline -0.003 -11"><span class='ocrx_word' id='word_1_250' title='bbox 203 2921 258 2978; x_wconf 83' lang='grc'><strong>650,</strong></span> <span class='ocrx_word' id='word_1_251' title='bbox 275 2921 305 2970; x_wconf 86' lang='grc'>19</span> <span class='ocrx_word' id='word_1_252' title='bbox 324 2922 373 2969; x_wconf 72' lang='lat' dir='ltr'>nd.</span> <span class='ocrx_word' id='word_1_253' title='bbox 393 2921 494 2968; x_wconf 77' lang='grc' dir='ltr'>Ρονεοιι.</span> <span class='ocrx_word' id='word_1_254' title='bbox 524 2922 643 2980; x_wconf 77' lang='grc' dir='ltr'>φλαῦροντ</span> <span class='ocrx_word' id='word_1_255' title='bbox 695 2918 802 2979; x_wconf 81' lang='grc' dir='ltr'>φλαῦρον</span> <span class='ocrx_word' id='word_1_256' title='bbox 813 2919 860 2967; x_wconf 62' lang='lat' dir='ltr'>tart</span> <span class='ocrx_word' id='word_1_257' title='bbox 870 2921 912 2977; x_wconf 80' lang='grc' dir='ltr'>τῆς</span> <span class='ocrx_word' id='word_1_258' title='bbox 921 2921 1017 2979; x_wconf 76' lang='grc' dir='ltr'>γραφῆς</span> <span class='ocrx_word' id='word_1_259' title='bbox 1028 2921 1120 2977; x_wconf 82' lang='grc' dir='ltr'>τῆσδε.-</span> 
     </span>
     <span class='ocr_line' id='line_1_30' title="bbox 203 2981 1136 3045; baseline -0.002 -11"><span class='ocrx_word' id='word_1_260' title='bbox 203 2985 219 3043; x_wconf 80' lang='grc' dir='ltr'><strong><em>ἢ</em></strong></span> <span class='ocrx_word' id='word_1_261' title='bbox 240 2988 326 3045; x_wconf 81' lang='grc' dir='ltr'>κοῦφον</span> <span class='ocrx_word' id='word_1_262' title='bbox 352 2985 433 3032; x_wconf 82' lang='grc' dir='ltr'>κακόν·</span> <span class='ocrx_word' id='word_1_263' title='bbox 466 2985 570 3045; x_wconf 81' lang='grc' dir='ltr'>διαφέρει</span> <span class='ocrx_word' id='word_1_264' title='bbox 596 2986 644 3044; x_wconf 78' lang='grc' dir='ltr'>γὰρ</span> <span class='ocrx_word' id='word_1_265' title='bbox 726 2983 864 3042; x_wconf 78' lang='lat'><strong>428.§308.</strong></span> <span class='ocrx_word' id='word_1_266' title='bbox 884 2981 1136 3032; x_wconf 78' lang='lat' dir='ltr'><strong>Arthmiusonelea</strong></span> 
     </span>
     <span class='ocr_line' id='line_1_31' title="bbox 203 3045 1137 3110; baseline -0.001 -14"><span class='ocrx_word' id='word_1_267' title='bbox 203 3050 308 3110; x_wconf 80' lang='grc' dir='ltr'>φλαῦρον</span> <span class='ocrx_word' id='word_1_268' title='bbox 319 3050 358 3097; x_wconf 81' lang='grc' dir='ltr'>καὶ</span> <span class='ocrx_word' id='word_1_269' title='bbox 369 3050 468 3108; x_wconf 83' lang='grc' dir='ltr'>φαῦλον·</span> <span class='ocrx_word' id='word_1_270' title='bbox 485 3051 591 3110; x_wconf 86' lang='grc' dir='ltr'>φλαῦρον</span> <span class='ocrx_word' id='word_1_271' title='bbox 602 3050 645 3106; x_wconf 77' lang='grc' dir='ltr'>μὲν</span> <span class='ocrx_word' id='word_1_272' title='bbox 695 3045 720 3108; x_wconf 85' lang='grc' dir='ltr'>(ο</span> <span class='ocrx_word' id='word_1_273' title='bbox 731 3049 797 3094; x_wconf 80' lang='lat' dir='ltr'>town</span> <span class='ocrx_word' id='word_1_274' title='bbox 808 3046 836 3093; x_wconf 91' lang='lat' dir='ltr'>in</span> <span class='ocrx_word' id='word_1_275' title='bbox 847 3046 891 3094; x_wconf 82' lang='lat' dir='ltr'>the</span> <span class='ocrx_word' id='word_1_276' title='bbox 901 3045 982 3098; x_wconf 73' lang='lat' dir='ltr'>Trond</span> <span class='ocrx_word' id='word_1_277' title='bbox 989 3045 1137 3095; x_wconf 74' lang='lat' dir='ltr'>mentioned</span> 
     </span>
     <span class='ocr_line' id='line_1_32' title="bbox 202 3109 1135 3175; baseline -0.001 -16"><span class='ocrx_word' id='word_1_278' title='bbox 202 3115 251 3175; x_wconf 80' lang='grc' dir='ltr'>γάρ</span> <span class='ocrx_word' id='word_1_279' title='bbox 263 3115 313 3161; x_wconf 86' lang='grc' dir='ltr'>ἐστι</span> <span class='ocrx_word' id='word_1_280' title='bbox 324 3115 352 3162; x_wconf 88' lang='grc' dir='ltr'>τό</span> <span class='ocrx_word' id='word_1_281' title='bbox 362 3114 443 3173; x_wconf 82' lang='grc' dir='ltr'>μικρὸν</span> <span class='ocrx_word' id='word_1_282' title='bbox 454 3113 532 3160; x_wconf 87' lang='grc' dir='ltr'>κακόν·</span> <span class='ocrx_word' id='word_1_283' title='bbox 552 3114 644 3172; x_wconf 78' lang='grc' dir='ltr'>φαῦλον</span> <span class='ocrx_word' id='word_1_284' title='bbox 693 3110 726 3172; x_wconf 82' lang='lat' dir='ltr'>by</span> <span class='ocrx_word' id='word_1_285' title='bbox 737 3111 834 3157; x_wconf 85' lang='lat' dir='ltr'><strong>Homer</strong></span> <span class='ocrx_word' id='word_1_286' title='bbox 840 3110 870 3156; x_wconf 83' lang='grc' dir='ltr'>Π,</span> <span class='ocrx_word' id='word_1_287' title='bbox 879 3123 907 3158; x_wconf 94' lang='lat'>11.</span> <span class='ocrx_word' id='word_1_288' title='bbox 917 3111 974 3172; x_wconf 78' lang='lat'>824)</span> <span class='ocrx_word' id='word_1_289' title='bbox 986 3123 1036 3157; x_wconf 80' lang='lat' dir='ltr'>was</span> <span class='ocrx_word' id='word_1_290' title='bbox 1047 3109 1135 3158; x_wconf 71' lang='lat' dir='ltr'>brand·</span> 
     </span>
     <span class='ocr_line' id='line_1_33' title="bbox 203 3173 1135 3236; baseline 0 -12"><span class='ocrx_word' id='word_1_291' title='bbox 203 3178 277 3225; x_wconf 79' lang='grc' dir='ltr'>δὲτὸ</span> <span class='ocrx_word' id='word_1_292' title='bbox 298 3179 370 3234; x_wconf 80' lang='grc' dir='ltr'>μέγα.</span> <span class='ocrx_word' id='word_1_293' title='bbox 404 3175 437 3224; x_wconf 83' lang='lat' dir='ltr'>So</span> <span class='ocrx_word' id='word_1_294' title='bbox 452 3175 538 3236; x_wconf 81' lang='lat' dir='ltr'><strong>Etym.</strong></span> <span class='ocrx_word' id='word_1_295' title='bbox 555 3175 640 3235; x_wconf 80' lang='lat' dir='ltr'>Magn.</span> <span class='ocrx_word' id='word_1_296' title='bbox 693 3174 725 3222; x_wconf 85' lang='lat' dir='ltr'>ed</span> <span class='ocrx_word' id='word_1_297' title='bbox 744 3173 806 3220; x_wconf 90' lang='lat' dir='ltr'><strong>with</strong></span> <span class='ocrx_word' id='word_1_298' title='bbox 832 3173 931 3234; x_wconf 77' lang='lat' dir='ltr'>infamy</span> <span class='ocrx_word' id='word_1_299' title='bbox 950 3174 1080 3236; x_wconf 75' lang='grc' dir='ltr'>(στηλίτης)</span> <span class='ocrx_word' id='word_1_300' title='bbox 1109 3179 1135 3224; x_wconf 83' lang='grc' dir='ltr'>ιι</span> 
     </span>
     <span class='ocr_line' id='line_1_34' title="bbox 202 3237 1132 3300; baseline -0.001 -12"><span class='ocrx_word' id='word_1_301' title='bbox 202 3253 226 3299; x_wconf 88' lang='lat' dir='ltr'>p.</span> <span class='ocrx_word' id='word_1_302' title='bbox 248 3241 302 3299; x_wconf 83' lang='grc'>789,</span> <span class='ocrx_word' id='word_1_303' title='bbox 319 3240 350 3288; x_wconf 86' lang='grc'>49</span> <span class='ocrx_word' id='word_1_304' title='bbox 367 3239 396 3287; x_wconf 89' lang='lat' dir='ltr'>in</span> <span class='ocrx_word' id='word_1_305' title='bbox 408 3239 496 3300; x_wconf 79' lang='lat' dir='ltr'><strong>nearly</strong></span> <span class='ocrx_word' id='word_1_306' title='bbox 509 3240 554 3287; x_wconf 85' lang='lat' dir='ltr'>the</span> <span class='ocrx_word' id='word_1_307' title='bbox 573 3254 643 3287; x_wconf 80' lang='lat' dir='ltr'><strong>same</strong></span> <span class='ocrx_word' id='word_1_308' title='bbox 693 3238 737 3286; x_wconf 85' lang='lat' dir='ltr'>the</span> <span class='ocrx_word' id='word_1_309' title='bbox 759 3237 876 3298; x_wconf 78' lang='lat' dir='ltr'><strong>proposal</strong></span> <span class='ocrx_word' id='word_1_310' title='bbox 892 3238 919 3284; x_wconf 80' lang='lat' dir='ltr'>of</span> <span class='ocrx_word' id='word_1_311' title='bbox 943 3238 1132 3300; x_wconf 79' lang='lat' dir='ltr'><strong>Themistocles,</strong></span> 
     </span>
     <span class='ocr_line' id='line_1_35' title="bbox 201 3301 1130 3353; baseline 0.002 -3"><span class='ocrx_word' id='word_1_312' title='bbox 201 3303 289 3351; x_wconf 80' lang='lat' dir='ltr'><strong>words.</strong></span> <span class='ocrx_word' id='word_1_313' title='bbox 325 3303 643 3351; x_wconf 79' lang='lat' dir='ltr'><strong>Thereissometruthin</strong></span> <span class='ocrx_word' id='word_1_314' title='bbox 692 3317 721 3349; x_wconf 80' lang='lat' dir='ltr'>as</span> <span class='ocrx_word' id='word_1_315' title='bbox 738 3316 774 3348; x_wconf 86' lang='lat' dir='ltr'>we</span> <span class='ocrx_word' id='word_1_316' title='bbox 798 3301 869 3348; x_wconf 80' lang='lat' dir='ltr'><strong>leam</strong></span> <span class='ocrx_word' id='word_1_317' title='bbox 890 3301 956 3349; x_wconf 80' lang='lat' dir='ltr'>from</span> <span class='ocrx_word' id='word_1_318' title='bbox 978 3302 1043 3351; x_wconf 89' lang='lat' dir='ltr'><strong>Plut.</strong></span> <span class='ocrx_word' id='word_1_319' title='bbox 1065 3303 1093 3350; x_wconf 82' lang='lat' dir='ltr'>T.</span> <span class='ocrx_word' id='word_1_320' title='bbox 1113 3319 1130 3353; x_wconf 84' lang='lat'>1.</span> 
     </span>
     <span class='ocr_line' id='line_1_36' title="bbox 201 3365 1134 3427; baseline 0.002 -14"><span class='ocrx_word' id='word_1_321' title='bbox 201 3366 255 3414; x_wconf 87' lang='lat' dir='ltr'><strong>this</strong></span> <span class='ocrx_word' id='word_1_322' title='bbox 277 3366 467 3414; x_wconf 73' lang='lat' dir='ltr'>distinctiones</span> <span class='ocrx_word' id='word_1_323' title='bbox 487 3367 531 3414; x_wconf 84' lang='lat' dir='ltr'>the</span> <span class='ocrx_word' id='word_1_324' title='bbox 553 3367 643 3414; x_wconf 80' lang='lat' dir='ltr'><strong>Gram·</strong></span> <span class='ocrx_word' id='word_1_325' title='bbox 692 3381 717 3427; x_wconf 90' lang='lat' dir='ltr'>p.</span> <span class='ocrx_word' id='word_1_326' title='bbox 730 3365 813 3414; x_wconf 78' lang='lat' dir='ltr'>114n.</span> <span class='ocrx_word' id='word_1_327' title='bbox 844 3365 1028 3414; x_wconf 82' lang='lat' dir='ltr'><strong>Demosthenes</strong></span> <span class='ocrx_word' id='word_1_328' title='bbox 1037 3366 1134 3415; x_wconf 78' lang='lat' dir='ltr'><strong>alludes</strong></span> 
     </span>
     <span class='ocr_line' id='line_1_37' title="bbox 201 3429 1132 3492; baseline 0 -14"><span class='ocrx_word' id='word_1_329' title='bbox 201 3429 321 3478; x_wconf 66' lang='lat' dir='ltr'>mariana.</span> <span class='ocrx_word' id='word_1_330' title='bbox 345 3434 449 3492; x_wconf 72' lang='grc' dir='ltr'>φλαῦροι</span> <span class='ocrx_word' id='word_1_331' title='bbox 459 3431 587 3492; x_wconf 80' lang='lat' dir='ltr'>generally</span> <span class='ocrx_word' id='word_1_332' title='bbox 598 3431 643 3479; x_wconf 80' lang='lat' dir='ltr'>fol·</span> <span class='ocrx_word' id='word_1_333' title='bbox 692 3433 718 3476; x_wconf 87' lang='grc' dir='ltr'>ιο</span> <span class='ocrx_word' id='word_1_334' title='bbox 734 3429 786 3477; x_wconf 80' lang='lat' dir='ltr'><strong>this</strong></span> <span class='ocrx_word' id='word_1_335' title='bbox 803 3429 857 3476; x_wconf 79' lang='lat' dir='ltr'><strong>also</strong></span> <span class='ocrx_word' id='word_1_336' title='bbox 868 3443 908 3478; x_wconf 92' lang='lat'>111.</span> <span class='ocrx_word' id='word_1_337' title='bbox 927 3430 1037 3491; x_wconf 87' lang='lat' dir='ltr'><strong>Philipp.</strong></span> <span class='ocrx_word' id='word_1_338' title='bbox 1049 3445 1074 3490; x_wconf 91' lang='lat' dir='ltr'>p.</span> <span class='ocrx_word' id='word_1_339' title='bbox 1087 3432 1132 3478; x_wconf 79' lang='lat'>121</span> 
     </span>
     <span class='ocr_line' id='line_1_38' title="bbox 200 3493 1133 3556; baseline -0.001 -13"><span class='ocrx_word' id='word_1_340' title='bbox 200 3495 261 3543; x_wconf 86' lang='lat' dir='ltr'>lows</span> <span class='ocrx_word' id='word_1_341' title='bbox 278 3493 351 3542; x_wconf 80' lang='lat' dir='ltr'>verbs</span> <span class='ocrx_word' id='word_1_342' title='bbox 369 3495 396 3542; x_wconf 83' lang='lat' dir='ltr'>oi</span> <span class='ocrx_word' id='word_1_343' title='bbox 413 3495 603 3556; x_wconf 73' lang='lat' dir='ltr'>speakin9‚nnd</span> <span class='ocrx_word' id='word_1_344' title='bbox 618 3494 642 3542; x_wconf 79' lang='lat' dir='ltr'>is</span> <span class='ocrx_word' id='word_1_345' title='bbox 690 3495 765 3554; x_wconf 68' lang='lat'>542.</span> <span class='ocrx_word' id='word_1_346' title='bbox 797 3493 830 3540; x_wconf 91' lang='lat' dir='ltr'>In</span> <span class='ocrx_word' id='word_1_347' title='bbox 851 3497 864 3554; x_wconf 68' lang='grc'>5</span> <span class='ocrx_word' id='word_1_348' title='bbox 885 3494 917 3541; x_wconf 82' lang='lat'>43</span> <span class='ocrx_word' id='word_1_349' title='bbox 935 3493 969 3542; x_wconf 83' lang='lat' dir='ltr'>he</span> <span class='ocrx_word' id='word_1_350' title='bbox 990 3495 1052 3542; x_wconf 75' lang='lat' dir='ltr'>calls</span> <span class='ocrx_word' id='word_1_351' title='bbox 1078 3493 1133 3542; x_wconf 88' lang='lat' dir='ltr'>him</span> 
     </span>
     <span class='ocr_line' id='line_1_39' title="bbox 200 3557 1133 3620; baseline -0.003 -13"><span class='ocrx_word' id='word_1_352' title='bbox 200 3558 345 3620; x_wconf 77' lang='lat' dir='ltr'><strong>equivalent</strong></span> <span class='ocrx_word' id='word_1_353' title='bbox 361 3559 388 3606; x_wconf 93' lang='lat' dir='ltr'>to</span> <span class='ocrx_word' id='word_1_354' title='bbox 408 3562 423 3586; x_wconf 89' lang='lat'>“</span> <span class='ocrx_word' id='word_1_355' title='bbox 433 3558 589 3620; x_wconf 75' lang='lat' dir='ltr'><strong>derogatory,</strong></span> <span class='ocrx_word' id='word_1_356' title='bbox 600 3559 641 3608; x_wconf 84' lang='lat' dir='ltr'>de·</span> <span class='ocrx_word' id='word_1_357' title='bbox 692 3559 776 3606; x_wconf 79' lang='grc' dir='ltr'>δοῦλον</span> <span class='ocrx_word' id='word_1_358' title='bbox 790 3559 916 3620; x_wconf 81' lang='grc' dir='ltr'>βασιλέως,</span> <span class='ocrx_word' id='word_1_359' title='bbox 928 3559 955 3606; x_wconf 86' lang='grc' dir='ltr'>ιο</span> <span class='ocrx_word' id='word_1_360' title='bbox 970 3557 1052 3606; x_wconf 82' lang='lat' dir='ltr'><strong>which</strong></span> <span class='ocrx_word' id='word_1_361' title='bbox 1068 3558 1133 3605; x_wconf 83' lang='lat' dir='ltr'><strong>Har-</strong></span> 
     </span>
     <span class='ocr_line' id='line_1_40' title="bbox 199 3620 1131 3685; baseline 0.001 -15"><span class='ocrx_word' id='word_1_362' title='bbox 199 3622 347 3685; x_wconf 73' lang='lat' dir='ltr'>prenating,</span> <span class='ocrx_word' id='word_1_363' title='bbox 373 3621 558 3683; x_wconf 74' lang='lat' dir='ltr'>disparaging.&#39;’</span> <span class='ocrx_word' id='word_1_364' title='bbox 587 3623 641 3671; x_wconf 86' lang='lat' dir='ltr'>But</span> <span class='ocrx_word' id='word_1_365' title='bbox 691 3620 822 3682; x_wconf 78' lang='lat' dir='ltr'><strong>pocrntion</strong></span> <span class='ocrx_word' id='word_1_366' title='bbox 849 3622 927 3671; x_wconf 78' lang='lat' dir='ltr'>refers</span> <span class='ocrx_word' id='word_1_367' title='bbox 954 3621 983 3670; x_wconf 93' lang='lat' dir='ltr'>in</span> <span class='ocrx_word' id='word_1_368' title='bbox 1007 3621 1131 3684; x_wconf 76' lang='grc' dir='ltr'>’Δρθμιοςε</span> 
     </span>
     <span class='ocr_line' id='line_1_41' title="bbox 200 3685 1132 3749; baseline -0.001 -12"><span class='ocrx_word' id='word_1_369' title='bbox 200 3701 242 3737; x_wconf 75' lang='lat' dir='ltr'>see</span> <span class='ocrx_word' id='word_1_370' title='bbox 253 3685 316 3737; x_wconf 86' lang='lat' dir='ltr'>Mid.</span> <span class='ocrx_word' id='word_1_371' title='bbox 328 3700 353 3748; x_wconf 87' lang='lat' dir='ltr'>p.</span> <span class='ocrx_word' id='word_1_372' title='bbox 376 3686 423 3738; x_wconf 82' lang='lat'>579</span> <span class='ocrx_word' id='word_1_373' title='bbox 440 3689 454 3747; x_wconf 66' lang='grc' dir='ltr'><strong>ἓ</strong></span> <span class='ocrx_word' id='word_1_374' title='bbox 472 3687 519 3734; x_wconf 83' lang='grc'>203</span> <span class='ocrx_word' id='word_1_375' title='bbox 537 3687 567 3735; x_wconf 71' lang='grc' dir='ltr'>ἄν</span> <span class='ocrx_word' id='word_1_376' title='bbox 578 3689 603 3736; x_wconf 81' lang='grc' dir='ltr'>δέ</span> <span class='ocrx_word' id='word_1_377' title='bbox 618 3705 643 3736; x_wconf 88' lang='grc' dir='ltr'>τι</span> <span class='ocrx_word' id='word_1_378' title='bbox 691 3687 765 3746; x_wconf 64' lang='lat' dir='ltr'>tvm</span> <span class='ocrx_word' id='word_1_379' title='bbox 787 3688 871 3749; x_wconf 77' lang='grc' dir='ltr'>κόριον,</span> <span class='ocrx_word' id='word_1_380' title='bbox 887 3687 969 3736; x_wconf 76' lang='grc' dir='ltr'>δοῦλός</span> <span class='ocrx_word' id='word_1_381' title='bbox 985 3686 1066 3748; x_wconf 83' lang='grc' dir='ltr'>[τινος]</span> <span class='ocrx_word' id='word_1_382' title='bbox 1087 3689 1132 3748; x_wconf 88' lang='grc' dir='ltr'>βα-</span> 
     </span>
    </p>
   </div>
   <div class='ocr_carea' id='block_1_7' title="bbox 0 0 1362 4146">
    <p class='ocr_par' dir='ltr' id='par_1_12' title="bbox 0 0 1362 4146">
     <span class='ocr_line' id='line_1_42' title="bbox 0 0 1362 4146; baseline 0 6"><span class='ocrx_word' id='word_1_383' title='bbox 0 0 1362 4146; x_wconf 95' lang='lat' dir='ltr'> </span> 
     </span>
    </p>
   </div>
  </div>
 </body>
</html>
