2686 4142
235 207 299 270 254
544 204 864 280 DEMOSTHENIS

236 369 361 456 σφόδρα
383 372 486 452 μισῶν
506 369 562 451 τὴν
581 370 678 436 πόλιν
698 369 755 451 τὴν
773 369 935 455 ἡμετέραν,
957 367 1052 445 ὅστις,
1077 370 1106 435 εἴ
1126 397 1176 442 τις

235 473 346 556 ἔροιτο,
361 478 378 505 “
388 471 458 536 εἰπέ
471 498 534 553 μοι,
549 476 604 554 τῆς
618 477 673 538 νῦν
687 472 783 551 οὔσης
797 470 955 541 Ἑλλάδος
970 473 1106 553 ταυτησὶ
1120 475 1176 539 καὶ

234 572 414 656 οἰκουμένης
429 573 497 640 ἔσθ’
511 572 529 638 ‘6
543 601 575 640 τι
590 575 707 655 ταύτην
724 573 764 640 ἂν
783 573 840 656 τὴν
856 573 1074 662 προσηγορίαν
1088 575 1175 668 εἶχεν

233 675 253 755 ἢ
278 673 378 760 ᾠκεῖθ
400 674 463 741 ὑπὸ
484 680 549 742 τῶν
569 679 623 741 νῦν
647 675 784 762 ἐχόντων
805 675 979 757 Ἑλλήνων,
1004 676 1033 741 εί
1054 676 1098 758 μὴ
1116 677 1173 747 τὰς
1185 683 1246 755 358

234 776 346 864 ἀρετὰς
360 777 440 865 ὑπὲρ
454 777 557 844 αὐτῶν
571 776 689 847 ἐκείνας
704 775 738 842 οἱ
753 777 931 861 Μαραθῶνι
946 778 999 842 καὶ
1014 776 1173 862 Σαλαμῖνι

233 879 436 968 παρέσχοντο
459 881 491 945 οί
511 879 655 966 ἡμέτεροι
678 877 977 965 πρθγονοι;”-οιῖδ’
1005 878 1045 944 ῶν
1069 879 1113 950 εἷς
1138 879 1173 946 εὖ

233 979 281 1045 οἶδ
285 979 293 1002 ’
305 979 353 1046 ῖτι
368 980 505 1066 φήσειεν,
517 978 605 1044 ἀλλὰ
619 979 725 1044 πάντα
740 977 831 1043 ταῦθ’
844 976 907 1044 ὑπὸ
918 983 980 1044 τῶν
993 979 1172 1065 βαρβάρων

162 1100 218 1158 313
233 1082 272 1149 ἂν
295 1084 476 1149 ἑαλωκέναι.
524 1081 583 1148 εἶθ’
608 1079 659 1152 οὓς
676 1080 755 1162 μηδὲ
776 1085 839 1148 τῶν
861 1080 984 1169 ἐχθρῶν
1003 1080 1111 1163 μηδεὶς
1132 1081 1172 1148 ἂν

233 1185 351 1252 τούτων
365 1189 427 1250 τῶν
442 1185 602 1268 ἐγκωμίων
621 1184 675 1250 καὶ
694 1187 757 1251 τῶν
776 1183 913 1250 ἐπαίνων
932 1183 1169 1270 ἀποστερήσειε,

231 1287 350 1352 τούτων
364 1286 521 1375 Αἰσχίνης
536 1285 616 1368 ὑμᾶς
630 1285 687 1351 οὐκ
701 1287 737 1373 ἐᾷ
755 1288 942 1369 μεμνῆσθαι,
958 1287 1029 1357 τοὺς
1043 1288 1081 1370 ἐξ
1093 1287 1169 1352 ἐκεί-

232 1414 301 1466 νων,
319 1387 354 1455 ίν’
371 1386 461 1458 αὐτὸς
476 1386 624 1472 ἀργύριον
636 1383 746 1470 λάβῃς
770 1386 823 1452 καὶ
836 1387 899 1470 μὴν
913 1391 975 1452 τῶν
988 1387 1046 1470 μὲν
1061 1387 1171 1453 ἄλλων
1183 1411 1244 1470 359

231 1489 358 1571 α’γαθῶν
372 1489 408 1555 οὐ
421 1489 552 1570 μέτεστι
567 1493 631 1558 τοῖς
646 1487 820 1566 τεθνεῶσιν,
833 1487 864 1552 οἱ
877 1487 907 1552 δ’
919 1488 972 1553 ἐπὶ
986 1493 1052 1558 τοῖς
1065 1492 1170 1560 καλῶς

180 1617 182 1621 ’
231 1591 424 1678 πραχθεῖσιν
448 1591 572 1656 ἔπαινοι
597 1594 660 1656 τῶν
688 1589 768 1656 οὗτοι
798 1589 1063 1670 τετελευτηκότων
1092 1589 1171 1656 ἴδιον

231 1691 336 1776 κτῆμά
355 1691 443 1757 εἰσιν·
466 1691 535 1757 οὐδὲ
557 1692 618 1777 γὰρ
643 1690 660 1755 ὁ
684 1690 799 1777 φθόνος
818 1689 923 1762 αὐτοῖς
943 1693 991 1757 ἔτι
1009 1692 1169 1772 τηνικαῦτ’

231 1904 260 1964 ῆι
278 1906 318 1954 καὶ
329 1919 380 1953 om.
388 1905 415 1954 S.
433 1903 478 1965 qui
487 1903 518 1951 ab
527 1902 579 1952 alia
586 1916 667 1951 manu
675 1902 798 1964 [⁴‘eadem
807 1905 838 1952 ut
849 1904 923 1954 nobis
930 1904 1035 1966 quidem
1045 1906 1147 1956 videtur
1152 1908 1167 1934 ”

231 1968 333 2030 Voem.]
360 1969 375 2028 ἡ
397 1968 482 2016 habet.
529 1967 590 2016 Mox
611 1967 627 2027 ἢ
649 1966 743 2032 σφόδρα
763 1968 831 2029 vulg.
855 1971 915 2018 ante
936 1969 1020 2018 Bana.
1064 1971 1168 2021 Habent

230 2032 260 2083 F.
274 2033 300 2083 S.
311 2033 336 2080 k.
348 2048 373 2082 v.
383 2030 424 2081 Al.
441 2032 525 2081 Vonn.
539 2032 622 2079 Bm.
638 2033 668 2080 st.

279 2097 356 2156 5358.
392 2099 417 2144 έν
439 2097 569 2157 Μαραθῶνι
585 2096 604 2144 t.
628 2094 676 2146 Ed.
697 2094 781 2144 Lutea
818 2095 868 2145 Sed
888 2100 973 2146 “ante
990 2100 1120 2160 Μαραθῶνι
1140 2102 1167 2149 et

230 2163 348 2220 Σαλαμῖνι
369 2159 432 2207 solet
449 2162 474 2208 ἐν
495 2158 602 2206 omitti”
630 2161 698 2206 reete
720 2159 756 2207 ait
774 2159 866 2208 Rama.
900 2161 969 2225 [Vid.
996 2162 1082 2211 Cobet.
1104 2164 1163 2214 Var.

228 2225 299 2274 Leot.
319 2239 345 2285 p.
363 2224 402 2283 69,
423 2237 446 2284 p.
469 2223 525 2283 201,
542 2223 606 2270 Nov.
619 2222 687 2272 Lesa
707 2237 733 2284 p.
756 2223 808 2284 ed]
841 2224 912 2272 Idem
928 2228 1016 2274 tamen
1032 2241 1167 2288 perperam

230 2291 251 2338 οἱ
269 2289 336 2351 (post
352 2289 514 2350 παρέσχοντο)
532 2300 591 2335 eum
605 2285 645 2336 N.
666 2286 706 2336 Δί
718 2286 740 2334 Β
752 2286 845 2337 omisit.
882 2289 941 2336 Mox
957 2291 1061 2352 ὑμέτεροι
1078 2305 1167 2340 omnes

227 2352 381 2401 Bskkeniam'
401 2354 501 2412 praeter
525 2350 549 2401 k.
579 2352 795 2410 τ.--ὴλωκέναι
818 2353 848 2400 ut
869 2353 934 2402 solet
955 2354 1166 2415 Veram—tude

229 2419 296 2478 (poet
309 2419 433 2478 Αἰσχίνης)
443 2429 493 2464 om.
505 2415 531 2464 k.
544 2429 565 2462 e.
577 2412 617 2464 ΑΙ.
631 2413 671 2464 A’.

275 2483 353 2543 5359.
391 2483 459 2531 αὐτὸς
470 2480 500 2528 0.
533 2480 606 2528 mter
619 2481 805 2541 ἀποστερεῖσθαι
821 2481 847 2528 et
861 2483 1027 2545 στερίσκεσθαι
1045 2483 1166 2534 subtilem

226 2560 308 2607 neque
326 2548 416 2594 tamen
430 2559 516 2594 veram
533 2543 727 2596 distinetionem
737 2543 858 2594 odoratur
875 2545 996 2594 Uarum:
1016 2551 1166 2609 στερίσκετσὶ

226 2629 262 2661 τις
278 2610 310 2660 ῶν
328 2614 386 2672 ἔχει’
412 2612 582 2674 ἀποστερεῖται
599 2611 625 2660 δὲ
644 2615 676 2659 τὰ
693 2609 818 2673 ἀλλότρια.
851 2610 980 2660 Nimirum
996 2610 1074 2661 homo
1095 2613 1166 2675 justo

226 2783 346 2845 quainted
367 2783 430 2830 with
453 2782 557 2843 history.
602 2779 668 2828 Plat.
718 2777 861 2828 Atheniens
877 2779 929 2828 had
943 2781 1033 2842 fought
1045 2785 1071 2831 at
1082 2783 1164 2834 Mara·

225 2847 399 2896 Phasmate
420 2846 442 2893 Β
461 2844 557 2904 ἀνήκοοι
572 2846 621 2906 γὰρ
641 2846 671 2893 ὡς
717 2841 783 2890 thon
796 2845 994 2906 simple-hondod,
1008 2848 1035 2894 at
1055 2847 1165 2900 salamis

226 2915 290 2961 ἔοικα
300 2913 413 2972 τυγχάνω
427 2910 466 2967 ῶν,
478 2909 558 2958 26113
578 2912 625 2956 τῶν
644 2910 670 2956 δὲ
718 2905 770 2954 had
805 2907 870 2956 done
896 2909 1039 2958 twothisds
1066 2912 1094 2959 ot
1119 2914 1165 2963 the

225 2975 387 3036 Παλαμήδους
426 2973 522 3033 α’νήκοος
554 2975 667 3035 γέγοναςς
718 2970 794 3017 work.
829 2972 876 3020 See
902 2973 947 3021 the
966 2973 1039 3023 boast
1066 2976 1093 3023 of
1120 2977 1165 3028 the

224 3041 317 3090 Reiske
328 3039 408 3099 ought
425 3041 471 3086 not
487 3039 515 3086 to
529 3036 593 3085 heve
611 3050 669 3084 oon-
719 3032 848 3082 Athenian
867 3037 1038 3100 ambassadon‚
1052 3039 1131 3090 Thuo.
1144 3056 1163 3091 ι.

225 3105 324 3154 sidored
333 3103 387 3153 this
397 3102 466 3151 word
477 3117 505 3151 aa
520 3114 670 3163 asynonym
719 3099 758 3158 73,
781 3098 916 3149 74.--sv
933 3103 1072 3165 ἑαλωκέναι]
1099 3106 1125 3154 It
1141 3107 1165 3155 ie

225 3170 253 3218 ot
264 3167 343 3220 σκαιός
354 3167 512 3229 (ἀπαίδευτοι,
524 3180 553 3213 or
569 3165 668 3224 ἀμαθής,
719 3160 828 3223 perhaps
856 3163 948 3226 hardly
976 3181 1111 3230 neeessary
1136 3173 1164 3218 to

224 3234 248 3283 is
260 3249 288 3282 so
299 3233 370 3293 used,
384 3233 430 3280 but
441 3234 489 3279 not
500 3230 615 3290 ἀνήκοος).
719 3229 806 3287 repeat
826 3228 983 3279 Somsnn’s
1000 3234 1074 3281 noto:
1102 3235 1164 3296 “so-

256 3300 334 3357 ξοδδ.
372 3295 455 3344 “Had
465 3297 511 3343 not
526 3293 571 3342 the
581 3293 672 3342 heroes
720 3293 1088 3357 turomsos'sseutooperentwr.
1116 3298 1165 3347 Est

225 3363 252 3410 at
264 3359 399 3408 Marathon
409 3359 460 3407 and
478 3357 593 3415 Salamis,
608 3371 672 3406 even
719 3353 865 3404 infinitivus
879 3358 1015 3418 plusquam
1033 3361 1165 3422 pertenti.”

224 3423 441 3479 ourtoretathers‚
453 3421 584 3484 displayed
596 3421 671 3470 those
719 3415 767 3468 οὐδ’
790 3422 822 3470 εῖτ
842 3421 866 3469 is
889 3435 904 3469 a
929 3424 1064 3484 repetition
1085 3426 1113 3474 ot
1130 3430 1165 3478 τίς

223 3488 381 3538 well-known
400 3487 465 3535 feats
484 3487 511 3534 ot
531 3486 621 3534 valour
638 3500 672 3534 on
720 3486 957 3537 testamentove.

224 3553 292 3602 their
310 3550 421 3600 behelfss’
454 3553 475 3599 οῖ
490 3552 598 3612 ἡμέτεροι
616 3549 672 3612 πρό-
750 3551 830 3610 ἕ359.
866 3551 986 3615 οὐδὲγὰρ
1007 3553 1163 3619 ὁφθόνοο...]

225 3636 292 3680 γουσι
302 3615 383 3664 added
392 3613 454 3662 with
463 3615 533 3675 great
540 3613 670 3674 emphasis
719 3614 806 3675 (temp.
822 3615 853 3662 de
865 3616 954 3666 Geron.
974 3629 1000 3676 p.
1016 3618 1064 3666 330
1078 3620 1091 3680 5
1105 3619 1159 3678 315,

225 3685 252 3730 to
263 3679 364 3730 remind
373 3678 417 3728 the
429 3677 549 3727 audiendo
560 3676 617 3726 that
626 3678 670 3727 the
718 3678 769 3726 and
781 3678 893 3741 Thucyd.
906 3693 935 3730 11.
955 3680 987 3730 45
1010 3681 1097 3742 φθόνοι
1113 3687 1163 3746 γαρ
