2692 4168
239 195 280 262 96
548 194 868 278 DEMOSTHENIS

238 378 302 417 νειν
316 351 395 437 ἔφην
410 352 443 418 ἔν
465 379 497 418 τι
518 355 574 434 τῆς
594 351 804 433 εἰσογγελάις,
820 351 848 417 εἰ
865 349 959 433 μόνος
974 349 1177 436 Φιλοκράτης

151 473 153 483 ’
237 456 397 518 τοσούτων
415 454 469 518 καὶ
491 453 639 519 τοιούτων
658 452 858 536 ἀδικημάτων
875 453 973 523 αἴτιος
991 452 1127 534 γέγονεν,
1147 453 1179 518 οἱ

78 535 235 677 sy(
237 553 264 620 δ’
282 555 369 620 ἐννέα
390 560 452 621 τῶν
468 553 637 640 πρέσβεων
655 556 791 637 μηδενός.
835 557 889 620 καὶ
911 553 967 619 οὐκ
988 555 1068 639 ἔφην
1089 555 1176 622 τοῦθ’

37 633 124 788 ἔφαν(
236 656 335 727 οὕτως
356 657 448 746 ἔχειν·
477 658 614 737 οὐδαμοῦ
641 656 702 744 ’γὰρ
732 656 771 722 άν
799 659 937 752 φαυνῆναι
965 656 1034 721 καθ’
1065 658 1177 723 ἑαυτὸν

236 760 359 838 ἐκεῖνον,
388 760 417 825 εἰ
432 760 481 844 μὴ
504 759 575 829 τοὺς
604 745 907 843 συναγωνιζομένοω
942 759 1060 824 τούτων
1090 759 1177 830 τινὰς

166 883 220 942 117
235 859 329 949 εἶχεν.
375 861 411 927 ἵν’
441 861 494 928 οὖν
522 861 594 944 μήτ’
623 861 694 946 άφῶ
722 861 794 945 μήτ’
824 860 1018 942 αἰτιάσωμαι
1046 860 1174 942 μηδένα,
1191 885 1254 942 127

96 955 100 964 ¹
235 965 314 1050 ἔφην
332 965 401 1049 ἐγώ,
421 964 510 1030 ἀλλὰ
528 964 564 1030 τὸ
581 963 702 1050 πρᾶγμ’
718 962 793 1030 αὐτὸ
812 964 881 1034 τοὺς
896 964 954 1046 μὲν
969 963 1087 1034 αἰτίους
1102 962 1176 1048 εὕρῃ

233 1071 304 1140 τοὺς
323 1069 357 1135 δὲ
375 1070 418 1151 μὴ
437 1069 674 1157 μετεσχηκότας
693 1071 769 1155 ἀφῇ,
788 1068 928 1140 ἀναστάς
948 1068 1176 1151 ὁβουλόμενος

233 1173 287 1237 καὶ
301 1173 469 1256 παρελθών
484 1172 527 1242 εἰς
542 1171 622 1253 ὑμᾶς
637 1170 859 1256 ἀποφηνάσθω
878 1172 922 1252 μὴ
935 1173 1081 1259 μετέχειν
1093 1172 1175 1254 μηδὲ

157 1294 218 1362 377
232 1273 376 1356 ἀρέσκειν
391 1274 475 1360 αὑτῷ
489 1273 530 1340 τά
543 1273 606 1340 ὑπὸ
620 1273 839 1360 Φιλοκράτους
859 1275 1076 1360 πεπραγμένα.
1094 1275 1099 1361 Ι
1120 1276 1175 1339 καὶ

230 1376 285 1441 τὸν
305 1382 398 1442 τοῦτο
417 1369 599 1458 ὅτοιήσαντα
621 1376 737 1462 ἀφίημι
752 1376 853 1459 ἔγωγ’,
871 1379 956 1459 ἔφην.
993 1382 1094 1443 ταῦτα
1108 1378 1172 1464 γάρ

94 1539 107 1590 ,
231 1477 444 1560 μνημονεύετε,
462 1477 501 1548 ὦς
516 1476 578 1560 ἐγώ
593 1476 687 1560 οἶμαι.
725 1476 761 1542 οὐ
777 1478 880 1542 τοίνυν
895 1479 1059 1563 παρῆλθεν
1074 1479 1173 1550 οὐδεὶς

48 1581 115 1676 ,μιβ
163 1589 218 1646 118
233 1579 294 1644 οὐδ’
309 1581 423 1664 ἔδειξεν
438 1580 554 1646 ἔαυτόν.
599 1580 652 1645 καὶ
666 1582 729 1644 τῶν
742 1580 800 1661 μὲν
815 1579 926 1644 ἄλλων
941 1580 1030 1646 ἔστιν
1042 1580 1172 1668 ἑκάστῳ
1190 1595 1253 1652 128

80 1665 92 1699 s
112 1727 120 1772 p
231 1711 278 1754 τις
292 1684 462 1770 πρόφασις·
483 1682 500 1748 ὃ
514 1683 572 1766 μὲν
587 1683 646 1772 οὐχ
661 1673 829 1753 tieldones
842 1681 889 1763 ἦν,
906 1682 922 1746 ὁ
937 1681 963 1748 δ’
978 1682 1051 1772 οὐχὶ
1065 1687 1173 1771 παρῆν

44 1755 128 1922 ,1,φῆ
134 1799 154 1894 t(
232 1789 315 1864 ἴσως,
338 1790 383 1874 τῷ
404 1786 438 1851 δὲ
459 1786 612 1868 κηδεστὴς
627 1785 883 1872 ἦπέῑκῖῖὟοὺτῳ
899 1785 924 1850 δ’
941 1785 1028 1851 οὐδὲν
1043 1786 1169 1856 τούτων.

39 1921 115 2042 ,1μέ
229 1960 459 2024 viwumreseoare).
494 1962 624 2022 Quantula
636 1961 787 2010 auctoritate
802 1961 866 2008 haee
883 1961 1009 2022 scriptura
1025 1962 1123 2010 nitatur
1140 1961 1169 2010 in

46 2035 65 2064 ν
229 2025 362 2074 Demosth.
378 2024 455 2073 Oodd.
468 2026 553 2074 taedet
566 2026 681 2074 seribere.
715 2025 799 2074 Habet
811 2025 853 2073 hio
864 2026 969 2074 nonnisi
980 2027 1010 2074 B.
1026 2029 1167 2089 [“’Υτερεί·

231 2091 271 2136 δον
288 2088 438 2149 scripturam
449 2104 507 2136 cum
518 2104 604 2137 veram
613 2104 668 2137 esse
679 2089 766 2138 dooere
778 2089 912 2138 videantur
923 2095 1057 2150 poetarum
1064 2091 1113 2139 looi
1125 2105 1165 2151 ap.

229 2152 322 2200 Athen.
334 2167 426 2215 v111.p.
438 2153 485 2202 342
497 2155 519 2199 A
533 2154 592 2215 [loci
603 2153 724 2202 Timoolis
733 2154 800 2201 nihil
810 2154 930 2214 probant:
947 2153 976 2201 in
987 2157 1094 2216 utroque
1105 2157 1167 2215 -ἴδης

229 2217 270 2264 lex
281 2217 387 2264 metrica
397 2217 504 2278 patitur]
521 2220 547 2266 et
558 2217 632 2265 Phot.
644 2217 703 2266 bibl.
713 2232 739 2278 p.
749 2218 805 2276 495,
820 2220 858 2275 13,
873 2218 954 2266 altera
969 2220 1057 2266 tamen
1073 2233 1166 2279 magno

8 1716 41 1773 Κ(

28 1835 36 1862 1

230 2278 308 2328 (lodd.
321 2281 394 2328 MSS.
406 2296 533 2329 consensu
544 2281 710 2330 defenditur”
726 2282 822 2330 Baiter.
835 2282 868 2330 ad
880 2282 986 2342 Lyaurg.
1000 2297 1026 2343 p.
1039 2283 1093 2330 105.
1126 2284 1166 2331 De

230 2344 356 2392 scribendi
366 2345 465 2394 rationo
477 2346 611 2405 Kiessling.
626 2346 657 2394 de
669 2346 797 2407 Hyperide
810 2346 914 2394 Oratore
925 2346 1009 2394 Attiou
1021 2347 1164 2396 Comment.

229 2423 272 2468 pp.
296 2410 398 2467 16-18,
422 2410 493 2470 eujus
519 2411 636 2470 opusculi
657 2410 777 2458 notitiam
798 2409 847 2457 wiri
875 2409 942 2457 dooti
969 2410 997 2457 0.
1017 2411 1163 2471 Babington

229 2472 385 2521 humanitati
395 2473 620 2535 debeo.]——Infr.
635 2477 806 2538 συμπρέσβεων
817 2475 842 2521 k.
851 2478 895 2526 am.
905 2478 944 2523 6²²¹.
953 2474 993 2522 Al
1003 2476 1076 2523 Harl.
1093 2475 1167 2534 ,Mox

230 2537 283 2586 καθ’
295 2539 364 2585 αὑτὸν
376 2538 400 2587 S.
412 2538 491 2585 Drun.
503 2539 588 2586 Voau.
600 2539 683 2586 Banu.
697 2541 728 2586 st.

279 2603 364 2661 5127.
400 2602 462 2650 Post
483 2605 650 2665 Φιλοκράτους,
676 2604 784 2661 εἰρημένα
804 2620 844 2665 γρ.
874 2602 900 2651 S.
921 2602 1166 2664 Q.—uorp‘oovra

231 2665 260 2714 Ο.
271 2665 296 2714 11.
305 2680 326 2713 1.
335 2668 352 2713 t.
363 2680 387 2715 u.
397 2681 421 2714 v.
430 2666 469 2716 ΑΙ.
480 2667 559 2714 A².B.
578 2667 677 2715 solenni
692 2666 850 2724 contusione,
867 2667 919 2715 vid.
934 2669 997 2728 591.
1035 2667 1094 2715 Mox
1110 2669 1166 2728 (pro

230 2731 287 2793 γάρ)
300 2733 339 2778 καὶ
350 2730 379 2777 F.
387 2731 417 2779 Y.
427 2730 455 2791 Q.
465 2733 483 2780 t.
492 2746 517 2779 u.
527 2745 550 2779 v.
571 2735 670 2794 γὰρκαὶ
683 2730 862 2794 1111γὰρο111.
876 2731 901 2782 S.
921 2731 970 2780 En.
984 2731 1075 2780 Turne.
1085 2732 1165 2782 Drun.

230 2795 315 2844 Vonu.
329 2795 411 2843 Burri.
424 2797 455 2843 st.

278 2860 361 2918 3128.
396 2862 460 2906 ἔστιν
482 2858 507 2908 S.
527 2859 595 2920 vulg.
616 2862 676 2908 ante
698 2859 782 2908 Reisk
811 2859 896 2908 Baua.
920 2861 952 2908 st.
986 2861 1064 2922 [ἐστὶν
1084 2860 1165 2908 Dran.

230 2923 326 2984 vorsu]
359 2923 484 2971 Beroeavi
496 2923 580 2972 hodie.
615 2923 729 2984 κηδεστής
751 2926 816 2972 ἐστιν
835 2927 929 2975 ἐκεῖνος.
963 2923 1166 2978 11110111.

229 3093 293 3127 were
304 3080 350 3140 put
367 3080 393 3126 to
409 3078 485 3126 death
501 3082 528 3127 at
542 3078 587 3127 the
604 3093 674 3131 same
757 3082 812 3131 377.
846 3082 933 3140 5128.
961 3083 997 3142 τῷ
1011 3085 1037 3132 u
1052 3085 1168 3143 κηδεστὴς

230 3143 293 3190 time
331 3143 365 3203 by
397 3143 551 3204 Antipater’s
577 3143 670 3194 orders.
724 3142 754 3204 ἦν
765 3144 824 3208 ἐκεῖ]
844 3145 981 3194 “Another
996 3146 1048 3194 had
1066 3161 1081 3196 a
1098 3162 1167 3196 mar·

231 3206 334 3254 Thirlw.
350 3221 396 3256 vu.
418 3209 464 3257 195
476 3208 675 3271 χοᾶ-οὐδαμοῦ
722 3209 953 3269 ringo-connection
972 3209 1001 3258 in
1017 3210 1168 3262 Macedonia

230 3270 260 3319 ἅν
271 3272 382 3332 φανῆναι]
406 3272 511 3320 “would
528 3272 593 3321 have
610 3273 674 3320 been
725 3273 784 3332 (and
811 3273 937 3322 therefore
964 3288 1015 3321 was
1036 3275 1117 3323 afraid
1139 3277 1168 3324 of

229 3334 291 3383 held
313 3335 342 3381 in
363 3349 397 3382 no
416 3335 570 3394 estimatim,
591 3336 673 3385 would
723 3336 1167 3399 Philip'swreakinghisveugeanee

229 3399 295 3447 have
306 3398 368 3447 been
380 3397 489 3460 thought
499 3401 608 3461 nothing
619 3401 671 3448 of.”
722 3415 792 3462 upon
804 3402 844 3450 his
856 3402 998 3466 relative).'‘
1031 3402 1108 3451 What
1119 3403 1165 3453 the

230 3463 277 3512 See
286 3462 317 3510 de
333 3463 424 3510 (loron.
433 3478 459 3525 p.
472 3465 519 3512 328
530 3468 542 3525 §
555 3466 609 3524 310,
621 3464 673 3513 and
722 3466 819 3527 precise
830 3466 950 3526 meaning
964 3467 991 3513 oi
1001 3465 1071 3514 these
1084 3468 1166 3518 words

230 3526 400 3589 Wyttenbaoh
427 3542 460 3574 on
486 3528 552 3576 Plat.
577 3529 671 3578 Phaed.
721 3529 898 3578 isweoannot
912 3530 958 3588 tell
973 3530 1081 3579 without
1096 3547 1166 3582 more

229 3606 252 3653 p.
274 3593 304 3642 72
321 3592 390 3650 (λοι
404 3590 530 3640 Heindorf
546 3607 580 3641 on
595 3594 668 3655 Gorg.
721 3592 897 3643 information.
931 3594 1068 3643 Ioonoaive
1079 3598 1166 3648 ἐκεῖνος

229 3657 277 3707 456
288 3655 316 3706 O.
721 3657 744 3708 is
763 3658 858 3720 merely
874 3673 909 3708 an
922 3658 1058 3708 alteration
1076 3659 1166 3712 ottho
