2716 4146
540 205 846 274 »EMOSTHENIS

220 364 277 444 τὴν
296 367 389 451 χεῖρα
411 360 526 450 ἔχοντα
546 359 816 442 ἀναβεβλημένον,
833 359 1040 441 ἐπιπλήττων
1054 385 1085 425 τι
1105 363 1160 426 καὶ

220 463 457 550 λοιδορούμενος
472 465 510 546 τῇ
526 465 582 528 τοῦ
597 461 763 549 Τιμάρχου
776 463 958 548 προπετείᾳ.
989 463 1092 527 καίτοι
1106 462 1160 528 τὸν

220 566 280 644 μὲν
308 564 478 649 ἀνδριάντα
507 568 617 630 τοῦτον
642 563 729 629 οὔπω
752 562 948 644 πεντήκοντα
975 563 1030 645 ἔτη
1059 564 1161 651 φασὶν

222 665 408 732 ἀνακεῖσθαι
424 663 620 746 Σαλαμίνιοι,
636 663 700 729 ἀπὸ
714 664 858 736 Σόλωνος
873 665 907 730 δὲ
921 664 1000 748 ὁμοῦ
1013 664 1161 732 διακάσιά

224 768 312 833 ἐστιν
341 768 395 848 ἔτη
424 766 479 832 καὶ
506 764 740 850 τετταράκοντα
767 765 811 836 εἰς
839 764 893 833 τὸν
921 766 988 832 νυνὶ
1015 767 1160 854 παρόντα

223 869 345 958 χρόνον,
362 867 438 934 ὥσθ’
454 866 470 932 ὁ
489 865 675 950 δημιουργὸς
696 865 712 931 ὁ
729 870 822 932 τοῦτο
843 865 974 937 πλάσας
993 867 1030 932 τὸ
1046 870 1160 956 σχῆμα

223 971 259 1036 οὐ
273 968 368 1052 μόνον
382 969 438 1035 οὐκ
452 967 542 1037 αὐτὸς
556 965 596 1047 ἦν
609 965 678 1032 κατ’
690 969 813 1043 ἐκεῖνον,
830 965 905 1033 ἀλλ’
916 967 978 1033 οὐδ’
993 967 1010 1032 ὁ
1024 971 1159 1041 πάππος

153 1083 208 1142 ²5²
222 1071 324 1138 αὐτοῦ.
348 1076 440 1138 τοῦτο
455 1070 512 1150 μὲν
521 1069 626 1134 τοίνυν
640 1067 710 1135 είνπε
723 1073 788 1140 τοῖς
802 1069 966 1141 δικασταῖς
980 1070 1034 1136 καὶ
1049 1071 1158 1154 ἐμιμή-
1172 1080 1231 1142 282

222 1195 314 1243 σατο·
338 1173 403 1239 δδὲ
423 1176 479 1238 τοῦ
498 1170 664 1258 σχήματος
683 1171 722 1252 ήν
739 1171 852 1236 τούτου
871 1176 986 1260 πολλῷ
1005 1177 1045 1257 τῇ
1064 1173 1159 1238 πόλει

221 1277 494 1361 λυσιτελέστερον,
509 1275 546 1340 τὸ
561 1273 620 1356 τήν
638 1273 754 1361 ψυχὴν
773 1273 829 1356 τήν
848 1272 993 1346 Σόλωνος
1013 1276 1088 1342 ίδεῖν
1105 1277 1160 1342 καὶ

222 1379 279 1460 τήν
288 1378 435 1452 διάνοιαν,
452 1376 568 1456 ταύτην
582 1375 638 1442 οὐκ
653 1375 838 1459 ἐμιμήσατο,
853 1375 941 1442 α’λλά
953 1370 1020 1444 ’πᾶν
1034 1376 1159 1445 τούναν-

222 1481 296 1547 τίον.
319 1480 433 1549 ἐκεῑνος
447 1478 504 1562 μέν
518 1504 555 1561 ηε
570 1477 784 1564 ἀφεστηκυίας
795 1471 974 1561 Σαλαμῖνος
983 1479 1161 1559 Ἀθηναίων

222 1583 276 1648 καὶ
295 1580 431 1648 θάνατον
449 1579 558 1662 ζημίαν
579 1577 826 1665 ψηφισαμένων,
849 1578 888 1653 ἄν
908 1605 956 1649 τις
978 1580 1051 1663 είπη
1073 1580 1160 1674 Q-

224 1684 338 1763 ζεσθαι,
366 1679 420 1748 τὸν
448 1681 526 1746 ἴδιον
551 1679 691 1746 κίνδυνον
717 1678 844 1750 ὑποθεὶς
873 1681 995 1764 ἐλεγεῖα
1024 1683 1161 1762 ποιήσας

221 1771 353 1870 ᾖδξκαὶ
368 1784 423 1865 τὴν
437 1783 495 1866 μὲν
510 1781 619 1870 χώραν
635 1773 739 1846 ἔσωσε
753 1785 792 1866 τῇ
807 1782 909 1862 πόλει,
926 1783 982 1864 τὴν
997 1783 1024 1847 δ’
1036 1783 1161 1870 ὑπάρχ-

153 1898 208 1957 253
223 1916 323 1956 ουσαν
337 1885 493 1976 αἰσχύνην
507 1885 702 1968 ἀπήλλαξεν·
722 1884 811 1956 οὗτος
830 1885 866 1966 δ’,
882 1884 921 1968 ἣν
938 1886 1093 1966 βασιλεὺς
1108 1887 1162 1953 καὶ
1174 1897 1230 1970 283

222 1990 338 2063 πάντες
363 1991 394 2056 οἱ
412 1990 574 2070 ’Έλληνες
596 1987 747 2075 ὑμετέραν
777 1989 927 2071 ἔγνωσαν,
949 1989 1160 2077 Ἀμφίπολιν,

223 2093 341 2174 ταύτην
352 2089 489 2173 ἐξέδωκε
506 2089 559 2154 καὶ
579 2087 715 2155 ἀπέδοτο
734 2090 788 2155 καὶ
808 2094 853 2176 τῷ
867 2096 969 2158 ταῦτα
985 2093 1140 2179 (γράφοντι
1155 2088 1161 2172 Ι

223 2258 275 2293 om.
288 2243 335 2293 Eo.
349 2241 440 2290 Temo.
456 2240 537 2288 Dmo.
555 2238 639 2290 Voss.
657 2239 741 2288 Bsxx.
757 2241 1012 2302 ολ-ἐπιπλήττων
1024 2262 1052 2293 τε
1063 2245 1093 2295 O.
1105 2246 1125 2295 t.
1135 2260 1160 2296 u.

224 2309 274 2359 Sed
291 2326 320 2356 τε
335 2306 378 2355 hio
398 2305 484 2353 losum
502 2302 598 2353 hebere
615 2319 669 2352 non
689 2307 752 2366 puto
774 2318 834 2353 oum
853 2308 1008 2367 ἐπιπλήττων
1023 2309 1076 2357 fere
1092 2309 1162 2360 idem

224 2363 351 2434 signifieet
362 2383 391 2418 ao
406 2367 716 2432 λοιδορούμενος.--Ροαι
728 2371 820 2429 ἐκεῖνον,
840 2368 898 2421 add.
913 2374 955 2420 τὸν
972 2374 1056 2434 χρόνον
1070 2387 1160 2423 omnes

223 2438 325 2502 prester
338 2435 377 2485 δα
395 2447 460 2495 quse
471 2436 560 2482 tomen
571 2433 654 2493 glossa
664 2435 712 2495 est,
724 2447 803 2494 oeque
813 2433 887 2483 falsa.

271 2504 284 2560 ἦ
295 2502 349 2549 282.
382 2501 426 2558 τὴν
437 2497 540 2547 διάνοιαν
548 2501 645 2557 ταύτην,
658 2496 700 2547 οὐκ
711 2500 844 2558 ἐμιμήσατο
855 2499 939 2550 Volesi.

272 2566 355 2627 5283.
388 2563 533 2626 ὁβασιλενι
550 2561 619 2623 vulg.
638 2564 698 2612 ente
719 2562 812 2612 fimes
846 2562 897 2614 Sed
918 2579 969 2614 om.
995 2564 1159 2630 (assidetur)

224 2709 280 2759 seid
297 2709 355 2758 thot
371 2707 443 2756 there
462 2720 513 2755 παι
530 2706 629 2756 οτεαεᾶ
650 2723 666 2757 s

224 2777 309 2823 statue
336 2774 363 2821 of
390 2773 477 2832 Solon,
505 2771 600 2832 having
621 2772 664 2820 his

224 2839 284 2887 robe
295 2838 382 2886 ἅπαντα
389 2837 472 2885 round
482 2835 538 2884 him
549 2835 612 2884 with
623 2836 665 2885 his

224 2901 296 2953 hand
305 2899 546 2951 withinthefolds.”
578 2898 665 2948 Inthe

225 2975 287 3016 orat.
304 2969 400 3019 αἰνιιεα
416 2966 454 3028 (es
465 2965 599 3014 Somnos
609 2964 666 3012 well

225 3030 351 3092 observes)
374 3029 396 3076 is
410 3028 494 3076 would
513 3027 578 3076 heve
599 3027 665 3076 been

226 3097 282 3142 slew
291 3095 413 3156 τήνχεῖρα
421 3095 482 3152 ἔχων
491 3094 663 3154 άναβέβληται.

225 3158 325 3217 -τῇ
331 3159 374 3204 τοῦ
385 3159 411 3207 Τ.
427 3157 566 3218 προπετείᾳ]
583 3161 600 3184 “
610 3156 665 3204 The

225 3219 400 3277 forwerdnees‚
411 3219 455 3268 the
466 3219 615 3268 indecorous
623 3220 664 3268 be-

225 3283 332 3332 heviour
348 3284 375 3331 of
392 3282 570 3342 Timarchus,”
581 3284 624 3334 Le.
635 3286 665 3334 ίκ

226 3349 264 3396 his
283 3349 367 3396 oetion
384 3349 458 3396 while
471 3350 667 3410 maleine-

225 3410 277 3462 κατ’
297 3412 459 3472 servasses
475 3415 666 3474 eontemporsry

225 3476 252 3524 of
262 3473 330 3534 his,’¹
341 3475 383 3524 ie.
400 3473 483 3524 Solon.

257 3541 313 3590 282.
338 3539 479 3598 ἐμιμήσατο]
497 3538 551 3586 “he
562 3540 665 3588 enao'ted

224 3604 271 3653 ite
304 3602 419 3651 Another
440 3601 550 3649 allusion
571 3606 599 3651 to
621 3603 664 3651 his

182 3713 186 3726 ,
225 3668 311 3718 rivol’e
327 3667 422 3716 former
435 3665 584 3726 profession.
617 3667 664 3714 Ae·

722 2707 823 2758 sehines
838 2709 898 2767 hed,
910 2709 939 2759 in
955 2709 1092 2774 delivering
1108 2711 1162 2766 this

722 2777 779 2835 pert
788 2774 814 2822 of
824 2774 866 2822 his
878 2775 977 2836 speeoh,
989 2775 1107 2824 imitated
1117 2776 1162 2824 the

723 2838 832 2887 attituds
848 2839 899 2887 end
909 2853 1017 2887 manner
1031 2841 1058 2888 of
1075 2841 1162 2899 Solon,

723 2916 752 2950 ee
773 2902 936 2963 represented
951 2904 980 2951 in
1001 2903 1046 2951 the
1070 2907 1161 2954 statue.

723 2966 775 3014 For
790 2966 835 3013 the
849 2967 901 3014 loss
916 2967 943 3014 of
959 2967 1068 3016 Salamis
1078 2967 1163 3016 which

723 3029 826 3089 Megara
836 3029 889 3077 hed
899 3031 989 3091 eeized‚
1004 3031 1054 3079 end
1061 3032 1095 3079 its
1104 3032 1163 3079 sub·

724 3094 831 3153 sequent
842 3107 959 3154 reeovery
969 3095 1034 3142 efter
1046 3095 1091 3143 the
1101 3097 1163 3144 reoi-

723 3157 806 3206 totion
814 3156 841 3203 of
851 3155 896 3204 the
904 3172 978 3218 poem
984 3158 1067 3207 whioh
1076 3159 1163 3219 Solon,

724 3220 920 3281 oounterfeiting
953 3221 1080 3281 memes,
1111 3224 1164 3272 hsd

724 3284 866 3345 oomposed,
877 3299 917 3333 see
929 3284 1031 3334 Thirlw.
1043 3300 1073 3334 11.
1085 3302 1110 3349 p.
1122 3288 1162 3336 24.

723 3350 892 3411 -ὐτοθιίς1
908 3349 1027 3411 “having
1047 3351 1160 3413 pswned‚

723 3412 880 3472 mortgsged,
903 3413 1018 3464 steked.”
1058 3414 1164 3465 EuehI

724 3475 840 3525 ooneeive
851 3479 878 3525 to
889 3476 920 3525 be
930 3477 975 3526 the
985 3479 1127 3540 metaphor.

755 3543 769 3601 ξ
798 3541 854 3588 283.
899 3543 1014 3603 ὑμετέραν
1043 3543 1163 3606 ἔγνωσαν]

725 3601 772 3652 See
793 3603 879 3653 before
900 3609 914 3666 5
935 3608 1164 3668 150.--ἐξέδωκε]

722 3667 901 3728 Gomp.§291.
