2716 4146
405 213 465 277 uu
493 211 635 294 causa
666 212 927 278 LEGATIONE.
1071 215 1134 278 ιιι

201 370 321 436 δίκαιον
348 370 401 435 καὶ
423 371 460 435 τὸ
484 372 626 450 κολάζειν
651 370 723 440 τοῦς
748 370 789 434 τὰ
811 375 942 434 τοιαῦτα
966 373 1135 439 ποιοῦντας

201 471 332 554 ἔντιμον,
349 472 429 537 ὥστε
447 476 502 552 τῦς
517 471 611 552 αῦτῆς
626 472 750 554 ἠξιοῦτο
766 472 909 542 στάσεως
924 473 960 538 τό
975 501 1010 538 τε
1025 472 1134 559 ἀριστ-

201 577 263 638 εῖον
277 577 332 654 τῆς
347 576 417 640 θεοῦ
439 575 493 639 καὶ
515 573 550 640 αἱ
571 575 654 639 κατὰ
674 578 739 642 τᾶν
754 575 799 640 τὰ
815 575 932 640 τοιαῦτ’
947 575 1141 640 domuum

132 697 192 754 310
201 677 358 760 τιμωρίαν
373 679 429 742 νῦν
442 675 475 740 δέ
489 676 597 759 γέλως,
607 676 705 754 ἄδεια,
721 677 867 764 αἰσχύνη,
884 677 967 758 εἰμὴ
983 674 1039 757 τὴν
1053 675 1134 756 θιγαν

200 779 316 858 ταύτην
341 780 486 862 ἐξουσίαν
514 783 656 866 σχήσετε
679 786 733 847 νῦν
757 781 848 862 ὑμεῖς.
894 781 1007 861 νομίζω
1029 785 1133 847 τοίνυν
1147 803 1202 861 273

199 879 286 958 ὑμᾶς,
312 881 336 946 ὦ
359 881 466 965 ἄνδρες
488 881 658 961 Ἀθηναῖοι,
684 882 720 947 οῦ
743 882 812 947 καθ’
838 883 871 947 ἕν
894 909 924 947 τι
947 883 1042 965 μόνον
1064 882 1133 951 τοὺς

199 984 369 1068 προγόνους
397 984 603 1065 μιμουμένους
633 985 728 1071 ὀρθῶς
758 985 797 1050 ἂν
826 990 935 1065 ποιεῖν,
965 983 1051 1077 ἀλλὰ
1080 985 1133 1049 καὶ

127 1101 184 1155 311
198 1084 280 1147 κατὰ
302 1086 407 1149 πάντα
428 1086 490 1149 θσα
510 1086 666 1169 ἔτραπον
690 1088 807 1170 ἐφεξῆς.
840 1087 950 1151 ἐκεῖνοι
965 1085 1076 1160 τοίνυν,
1093 1085 1132 1156 ὦς

197 1185 333 1255 ἅπαντες
355 1186 388 1250 εὖ
409 1186 466 1250 οἷδ’
481 1184 529 1252 θτι
550 1188 604 1252 τὸν
624 1188 721 1268 λόγον
740 1193 850 1252 τοῦτον
865 1187 1026 1265 ἀκηκόατε,
1044 1191 1132 1252 Καλ-

197 1287 271 1350 λίαν
285 1287 338 1352 τὸν
360 1288 545 1355 Ἱππονίκου
567 1289 683 1369 ταύτην
707 1289 764 1369 την
784 1288 846 1353 ὑπὸ
859 1291 987 1354 πάντων
1003 1289 1133 1375 θρυλου-

244 1469 323 1528 5310.
360 1467 462 1528 αἰσχύνη
473 1484 521 1518 om.
542 1468 566 1518 S.
586 1468 634 1517 Eu.
655 1468 743 1517 Τοιαο.
765 1467 849 1516 Vouu.
864 1467 946 1514 Bm.
959 1468 990 1516 et.
1023 1465 1131 1527 Iniuria,

197 1531 298 1592 opinor;
338 1546 482 1592 quanquam
509 1533 589 1582 Doea.
621 1546 720 1592 quoque
740 1531 864 1579 omissum
886 1530 990 1580 mavult.
1032 1532 1131 1578 Judicii

198 1595 256 1655 (viu
269 1597 301 1643 ad
312 1599 325 1656 ς
338 1597 393 1659 219)
406 1596 538 1644 Roislu'ani
553 1600 614 1657 apto
628 1596 742 1656 exemplo
753 1595 786 1643 eit
798 1595 853 1655 ejus
865 1593 1020 1642 emendatio:
1048 1596 1088 1642 νῦν
1107 1597 1132 1644 δὲ

197 1663 281 1720 γέλως,
294 1663 339 1719 δση
351 1662 416 1708 ἄδεια
427 1663 536 1720 Αἰσχίνη.

246 1727 259 1782 ς
271 1724 325 1772 311.
363 1727 435 1784 λόγον
448 1724 473 1788 (“
484 1725 511 1770 in
528 1724 608 1772 erasis
620 1725 634 1772 9
645 1723 728 1771 literis
739 1722 784 1770 sed
796 1722 918 1783 scriptum
929 1719 1013 1782 prima
1028 1737 1107 1771 manu
1116 1726 1131 1749 ”

196 1785 294 1850 Voem.)
319 1787 344 1837 S.
384 1788 445 1836 Mox
466 1791 622 1850 θρυλουμένην
635 1789 663 1837 F.
685 1787 710 1837 Β.
733 1787 762 1836 Y.
786 1787 813 1846 Q
833 1787 857 1838 k.
884 1785 923 1836 ΛῙ.
958 1789 1131 1848 θρυλλουμένην

197 1952 250 1998 tion
259 1965 287 1998 or
298 1965 325 1999 as
335 1968 351 1999 α
356 1953 464 2013 particle
474 1953 638 2014 ofinsereooe.
685 1949 857 2010 ναυμαχοῦντες
866 1952 980 2010 ἐνίκησαν,
987 1953 1131 2010 ...συνθήκας

195 2018 303 2074 -τῆς
323 2015 541 2076 αῦτῆς...στάσεως]
583 2015 641 2063 “Of
686 2016 828 2072 ἐποιήσαντο
847 2015 931 2076 μακρῷ
944 2018 988 2071 μὲν
1002 2019 1079 2075 πλοίῳ
1098 2018 1131 2072 μὴ

196 2079 460 2140 λλοεαιαομοςίλὶοα,”
471 2079 553 2128 i.c.to
564 2078 640 2126 stand
688 2081 758 2126 πλεῖν
776 2081 840 2128 ἐντδς
859 2080 972 2128 Κυανέων
994 2083 1032 2126 καὶ
1049 2081 1128 2138 Φαση-

131 2185 134 2192 .
194 2142 489 2203 ίαλλεςαιιιερλιοαλο
504 2144 535 2191 bc
551 2142 640 2204 placed
684 2146 748 2192 λιδος
771 2143 844 2202 (ὥστε
867 2146 957 2204 μακρδν
984 2145 1068 2191 πλοῖον
1090 2146 1128 2192 ἐπὶ

196 2207 263 2254 cloec
288 2208 315 2254 to
342 2221 390 2254 one
417 2207 639 2256 anahem—cl
687 2210 744 2254 τάδε
770 2209 904 2265 Φασήλιδος
941 2209 974 2265 μὴ
1008 2209 1130 2255 καθέλκειν

195 2273 313 2332 τιμωρίαι]
340 2270 385 2318 i.c.
408 2273 424 2330 ἡ
447 2275 534 2331 στήλη·
562 2285 590 2318 aa
607 2274 638 2319 τὰ
687 2271 762 2319 Isocr.
786 2272 877 2330 Paneg.
889 2285 913 2330 p.
929 2271 960 2319 65
972 2270 1006 2329 b),
1025 2271 1127 2318 Diodor.

195 2336 326 2396 γράμματα
337 2335 423 2382 above.
687 2335 735 2382 Sic.
758 2349 804 2380 x11.
824 2335 840 2380 4
864 2333 954 2395 (where
973 2348 1013 2380 sce
1030 2334 1128 2381 Wessc·

226 2399 306 2458 §alo
339 2398 455 2462 ἐξουσίαν]
483 2398 636 2446 “Liccnse.”
684 2398 755 2458 ling),
770 2396 821 2444 aud
836 2398 956 2445 Plutarch
967 2397 1017 2444 vit.
1030 2396 1127 2448 Cimon.

196 2461 405 2521 Sc05222,Mid.
420 2477 445 2522 p.
465 2463 602 2520 5595138.
687 2461 715 2508 T.
736 2476 753 2509 1.
770 2475 796 2521 p.
813 2461 895 2509 486E
919 2462 988 2509 τοῦτο
1009 2464 1037 2510 τὸ
1060 2462 1129 2523 ἔργον

226 2526 303 2584 5311.
337 2529 425 2583 ταύτην
450 2529 494 2584 τὴν
518 2528 563 2573 ῦπθ
567 2563 624 2574 ......
628 2525 637 2588 ]
687 2525 759 2573 οὕτως
769 2527 912 2572 ἐταπείνωσε
922 2527 965 2583 τὴν
980 2526 1076 2586 γνώμην
1086 2529 1130 2574 τοῦ

153 2587 156 2592 ’
196 2594 211 2616 “
220 2589 292 2635 Alter
302 2587 396 2648 having
411 2603 445 2634 on
461 2588 503 2635 hie
522 2589 639 2650 embaeey
685 2590 810 2650 βασιλέως,
843 2588 906 2635 ὥστε
928 2591 1053 2637 συνθέσθαι
1085 2593 1128 2647 τὴν

194 2651 338 2712 negotiated
351 2652 483 2714 (eee§l47)
493 2652 550 2699 that
560 2667 637 2712 peace
686 2655 827 2714 περιβόητον
839 2654 932 2712 εἰρήνην
948 2654 1037 2709 ἐκείνην
1055 2654 1129 2702 ἵππου

194 2715 278 2763 which
293 2716 315 2762 ie
334 2715 363 2763 in
377 2715 421 2762 the
438 2716 528 2763 mouth
550 2716 576 2762 ol
592 2716 634 2772 all,
685 2719 727 2775 μὲν
750 2715 833 2776 δρόμον
861 2718 895 2762 ἀεὶ
920 2718 962 2773 τῆς
986 2714 1130 2776 Ἑλληνικῆς

195 2781 267 2827 ‘that
278 2778 322 2827 the
332 2779 392 2839 king
402 2779 429 2826 of
446 2780 532 2827 Pereia
547 2779 637 2828 should
687 2782 785 2840 ἀπέχειν
801 2782 928 2838 θαλάττης,
941 2782 1004 2836 ένδρν
1021 2781 1046 2827 δέ
1063 2781 1128 2828 Κυα·

193 2845 239 2891 not
250 2857 320 2890 come
332 2843 404 2890 down
412 2846 438 2890 tc
450 2843 494 2891 the
513 2857 554 2890 sea
567 2846 636 2892 coast
685 2847 742 2892 νέων
764 2845 802 2891 καλ
825 2845 965 2892 Χελιδονίων
991 2845 1072 2905 μακρᾷ
1092 2847 1132 2902 νηῒ

194 2907 284 2954 within
306 2922 321 2955 a
345 2906 414 2966 doy's
440 2907 547 2967 Journey
565 2908 604 2954 for
620 2923 636 2956 a
686 2911 725 2956 καὶ
734 2911 894 2968 χαλκεμβόλῳ
904 2911 938 2966 μὴ
950 2910 1026 2955 πλεῖν.
1053 2911 1129 2957 καίτοι

193 2971 275 3030 horse,
288 2985 336 3018 nor
353 2971 402 3018 eeil
422 2971 484 3019 wilh
502 2985 517 3018 a
536 2970 593 3031 ship
610 2972 637 3019 of
686 2974 850 3030 Καλλισθένης
866 2974 893 3020 oo
907 2981 967 3030 φησι
983 2974 1059 3020 ταῦτα
1076 2990 1128 3021 συν-

193 3048 243 3082 war
269 3033 360 3082 within
386 3035 430 3083 the
466 3035 636 3084 Chelidonian
685 3038 768 3084 θέσθαι
791 3038 831 3083 τὸν
857 3038 985 3096 βάρβαρον,
1014 3036 1078 3096 ἔργῳ
1103 3039 1128 3084 δέ

193 3098 267 3145 rocks
278 3099 328 3146 and
339 3099 470 3159 Cyaneao‚¹
483 3099 587 3148 because
602 3099 635 3148 he
683 3103 759 3148 ποιεῖν
770 3101 890 3161 διὰφόβον
900 3101 1021 3157 τῆςῆττης
1033 3103 1126 3158 ἐκείνης,

193 3175 244 3209 was
255 3161 385 3222 adjudged,
395 3163 457 3212 &c.''
490 3163 551 3210 This
559 3178 635 3224 peace
685 3168 722 3212 καὶ
735 3167 827 3226 μακρὰν
846 3163 917 3212 οὕτως
935 3166 1070 3222 ἀποστῆναι
1085 3167 1127 3223 τῆς

193 3239 243 3272 was
270 3227 411 3286 negotiatcd
435 3229 483 3277 470
502 3242 548 3277 uc.
578 3229 635 3288 [466
681 3229 805 3284 Ἑλλάδος,
819 3227 879 3276 ἅπτε
897 3231 1045 3286 πεντήκοντα
1061 3233 1129 3277 ναυσὶ

196 3290 635 3353 Olina]afterthetwc-foldvictcry
684 3295 811 3351 Περικλέα,
837 3294 876 3339 καὶ
896 3295 1021 3354 τριάκοντα
1048 3293 1129 3350 μόναις

193 3367 227 3399 on
255 3353 299 3400 the
325 3354 391 3401 river
418 3354 580 3416 Eurymedon
607 3355 636 3403 in
685 3358 817 3416 Ἐφιάλτην
829 3359 936 3404 ἐπέκεινα
945 3358 1046 3404 πλεῦσαι
1055 3358 1126 3406 Χελι-

194 3417 344 3476 Pamphylia
367 3418 464 3479 (briefly
485 3419 588 3467 alluded
609 3422 636 3467 to
685 3423 770 3478 δονέων,
785 3423 824 3468 καὶ
840 3423 913 3478 μηδέν
927 3419 1005 3469 αῦτοῖς
1022 3423 1129 3471 ναυτικὸν

193 3480 494 3546 byThucyd.1.100)as
511 3498 548 3531 we
564 3484 636 3531 leam
685 3487 821 3545 ἀπαντῆσαι
842 3487 907 3540 παρὰ
923 3486 969 3533 τῶν
993 3487 1127 3548 βαρβάρων.

194 3544 261 3592 from
288 3545 394 3604 Lycurg.
416 3561 437 3594 c.
460 3547 546 3596 Lcocr,
569 3550 581 3606 ἓ
603 3549 634 3598 73
685 3547 1129 3611 ἑνδέτοῑςθηφίσμασινδσυνήγαγε

194 3623 220 3669 p.
234 3609 279 3659 157
292 3608 411 3659 St.=187
429 3610 460 3658 R.
480 3611 519 3658 ἐπ’
536 3613 637 3673 Εὐρυμέ-
686 3614 812 3674 Κρατερός,
842 3615 978 3674 ἀντίγραφα
1012 3614 1130 3671 συνθηκιῦν

196 3675 258 3721 δοντι
280 3676 306 3722 δέ
330 3676 369 3724 καὶ
390 3675 576 3736 πεζομαχοῦντες
598 3679 636 3724 καὶ
687 3678 716 3726 ὡς
745 3679 874 3738 γενομένων
893 3676 1127 3726 οἱντικατατέτακται.
