2716 4146
236 231 298 298 166
541 225 859 292 DEMOSTHENIS
899 215 901 220 ¹
961 237 963 242 '

234 382 297 466 γὰρ
325 380 419 448 αὐτὸν
447 382 526 466 ἐρεῖν
555 381 595 451 ὦς
624 379 673 466 ἄρ’
699 380 760 464 ε’γῶ
788 379 916 444 πάντων
942 378 984 444 ὧν
1006 380 1172 464 κατηγορῶ

234 485 376 555 κοινωνὸς
394 484 516 568 γέγονα,
536 485 589 550 καὶ
608 483 784 565 συνήρεσκε
806 483 908 549 ταῦτά
927 508 991 564 μοι,
1010 482 1063 550 καὶ
1083 472 1172 547 συνέ-

233 614 376 671 πραττον
404 587 496 674 αύτῷ,
528 585 624 653 ἔπειτ’
653 586 802 671 ἐξαίφνης
833 585 1082 668 μεταβέβλημαι
1117 586 1171 650 καὶ

234 692 405 773 κατηγορῶ.
450 690 520 754 ἔστι
542 686 567 750 δ’
587 687 666 772 ὑπὲρ
687 687 746 769 μὲν
767 689 829 752 τῶν
849 686 1079 770 πεπραγμένων
1101 685 1171 750 ούτε

234 788 340 855 δικαία
368 789 438 854 οὕτε
463 787 672 874 προσήκουσα
697 786 716 867 ἡ
743 787 871 867 τοιαύτη
901 785 1068 868 ἀπολογία,
1094 788 1169 868 ἐμοῦ

232 894 339 974 μέντοι
362 919 410 962 τις
433 891 615 974 κατηγορία·
651 889 711 971 ἐγὼ
729 889 787 969 μὲν
803 889 874 974 γάρ,
892 889 920 953 εί
939 892 1039 953 ταῦτα
1057 890 1169 956 πεποί-

232 1019 302 1072 ηκα,
328 994 448 1080 φαῦλός
470 993 533 1074 είμι
556 991 729 1076 ἅνθρωπος,
756 990 796 1056 τὰ
824 989 857 1056 δὲ
885 989 1060 1078 πράγματα
1081 990 1169 1055 οὐδὲν

166 1115 220 1171 ²03
233 1096 353 1173 βελτίω
380 1095 432 1160 διὰ
454 1098 557 1173 τοῦτο,
581 1093 651 1159 οὐδὲ
679 1095 806 1158 πολλοῦ
834 1091 889 1158 δεῖ.
942 1091 977 1156 ού
1004 1091 1068 1174 μὴν
1093 1091 1168 1156 ἀλλ’
1181 1107 1238 1167 225

233 1193 326 1278 ἔγωγ’
350 1193 440 1274 οἶμαί
459 1220 514 1276 μοι
536 1193 710 1279 προσήκειν
734 1191 883 1278 ἀμφότερ’
908 1191 981 1272 ύμῖν
1004 1192 1166 1274 ἐπιδεῖξαι,

232 1295 287 1360 καὶ
302 1294 351 1362 ὅτι
365 1297 524 1381 ψεύσεται
539 1294 626 1361 τοῦτ’
642 1294 696 1360 ἐὰν
709 1294 796 1378 λέγη,
813 1294 867 1358 καὶ
884 1294 941 1375 τὴν
960 1292 1082 1358 δικαίαν
1101 1291 1168 1373 ἥτις

234 1398 322 1464 ἐστὶν
351 1390 519 1480 ἀπολογία.
563 1395 583 1478 ἡ
609 1396 667 1480 μὲν
691 1397 796 1463 τοίνυν
821 1395 927 1462 δικαία
950 1396 1003 1461 καὶ
1027 1395 1124 1475 ἁπλῆ,
1147 1393 1167 1474 ἢ

234 1499 275 1570 ὠς
299 1499 335 1566 ού
359 1501 542 1587 πέπρακται
566 1500 606 1566 τὰ
627 1500 866 1585 κατηγορημένα
888 1499 994 1582 δεῖξαι,
1012 1498 1032 1580 ἢ
1053 1498 1093 1570 ὦς
1112 1526 1168 1564 πε-

233 1603 400 1684 πραγμένα
425 1603 580 1689 συμφέρει
605 1606 644 1686 τῇ
669 1602 771 1668 πόλει.
816 1602 936 1667 τούτων
959 1600 984 1665 δ’
1010 1600 1168 1686 οὐδέτερον

164 1724 221 1776 204
234 1703 348 1770 δύναιτ’
378 1703 418 1770 ἂν
447 1704 537 1776 οὗτος
565 1707 707 1784 ποιῆσαι.
753 1703 824 1769 οὔτε
851 1704 914 1790 γὰρ
943 1702 983 1773 ὥς
1013 1703 1166 1790 συμφέρει
1180 1709 1237 1766 226

234 1805 335 1886 δήπου
348 1805 480 1874 Φωκέας
494 1804 696 1870 ἀπολωλέναι
711 1805 764 1870 καὶ
779 1803 892 1876 Πύλας
903 1805 1071 1870 Φίλιππον
1083 1805 1166 1887 ἔχειν

233 1909 287 1973 καὶ
301 1906 463 1988 Θηβαίους
479 1906 601 1993 ἰσχύειν
615 1905 669 1970 καὶ
684 1908 716 1970 ἐν
734 1904 858 1993 Εύβοίρ
872 1906 1070 1992 στρατιώτας
1088 1904 1166 1970 εἶναι

281 2100 360 2162 5224.
396 2101 544 2161 ηάτολογία
555 2101 615 2159 αὕτη
625 2118 664 2162 γρ.
677 2099 703 2150 S.
739 2100 923 2161 αύτηήἀπ.ί).

281 2169 294 2225 g
306 2166 361 2214 225.
396 2165 457 2213 Post
468 2166 540 2221 οἴμαι,
551 2183 590 2223 μοι
601 2179 650 2212 ona
664 2178 685 2212 r.
698 2179 718 2214 ι.
732 2164 772 2212 A1.
784 2164 824 2212 A&
857 2165 941 2214 Facile
950 2166 1040 2215 excidit
1048 2170 1107 2229 poet
1117 2188 1167 2228 μοι.

233 2229 358 2276 —Post
369 2231 489 2289 ἀπολογία
500 2226 557 2276 add.
569 2231 680 2289 φεύξεται
689 2227 717 2276 F.
729 2228 757 2276 Y.
771 2228 800 2288 Q.
813 2228 842 2278 0.
855 2231 875 2276 t.
887 2244 912 2276 u.
921 2244 945 2278 v.
974 2231 1055 2280 Uncis
1065 2232 1169 2282 inclusit

234 2293 325 2341 Rmsn.
359 2291 452 2339 Omisit
473 2290 572 2352 primus
592 2292 677 2340 Bm.
700 2294 833 2353 ἀπολογίαν
854 2295 952 2341 mavult
974 2296 1055 2343 Dona.
1075 2297 1169 2345 omisso

235 2359 514 2417 φεύξεται-δύναται
526 2359 600 2404 εἰπεῖν
611 2356 635 2404 k.
649 2370 670 2403 r.
683 2370 703 2403 s.
716 2359 756 2404 dm.
768 2355 809 2405 A¹.
821 2356 892 2406 Harl,
907 2359 1030 2417 probante
1042 2359 1167 2410 Tmoao.

235 2424 331 2469 δύναται
350 2419 389 2470 Αί.
426 2423 524 2468 “etna
542 2419 642 2468 videta
661 2419 853 2480 interpretantis
872 2435 934 2469 esee.
970 2423 1049 2484 Saepe
1064 2426 1169 2485 ponitur

234 2487 316 2543 ποεῖν,
333 2498 366 2532 ne
382 2484 533 2532 antecedens
548 2483 653 2532 verbum
669 2484 750 2544 repeti
768 2484 906 2544 oporteat.'¹
941 2485 1048 2537 Seme.
1083 2488 1171 2536 Obiter

233 2563 325 2597 moneo
336 2549 403 2596 male
413 2548 571 2598 intellectum
583 2563 598 2596 a
609 2547 697 2596 Stallb.
710 2549 774 2597 Plat.
789 2549 893 2609 Apolog.
905 2551 937 2598 30
947 2551 969 2606 Δ
979 2555 1055 2600 τοῦτο
1066 2555 1171 2614 νεωτέρῳ

234 2615 336 2671 ποιήσω,
352 2612 396 2659 ubi
410 2615 486 2660 ταῦτα
502 2615 593 2672 ποιήσω
607 2611 675 2660 valet
686 2611 703 2661 i.
712 2626 735 2673 q.
747 2615 844 2662 ὀνειδιῶ·
860 2627 910 2674 qua
921 2613 952 2662 de
962 2615 1060 2662 ratione
1071 2617 1166 2666 consul.

234 2677 333 2727 Buttm.
347 2677 405 2724 lact.
417 2678 479 2724 Mid
493 2676 522 2724 in
533 2679 614 2727 ποιεῖν.

283 2742 361 2802 ἓ226.
398 2742 474 2800 δήπου
487 2754 537 2788 om.
552 2740 578 2790 k.
594 2754 614 2790 s.
628 2739 669 2789 ΔῙ.
680 2738 719 2790 Δί.
756 2741 821 2790 “An
839 2742 950 2801 ἀνόνητον
966 2742 1007 2790 vel
1027 2743 1171 2802 ἀνηνυτονί”

234 2915 310 2977 being
315 2914 360 2963 the
369 2913 473 2964 κοινωνὸς
480 2913 506 2960 of
514 2911 677 2972 Philocrate3‚
728 2913 862 2976 ἀπολογίαν
870 2915 921 2975 ἥτις
928 2915 1000 2976 ἐστίν,
1010 2930 1039 2964 or
1047 2917 1098 2976 ἥτις
1106 2921 1172 2968 ἐστίν

235 2981 428 3040 e.g.§20p.30
441 2977 679 3035 St.=204R.v‘1eev
728 2980 744 3036 ἠ
764 2981 842 3026 δικαία
862 2978 990 3040 ἀπολογία,
1012 2994 1041 3028 or
1059 2981 1074 3040 ἡ
1093 2985 1172 3032 δικαία

235 3047 311 3092 τοίνυν
321 3046 346 3102 ἐξ
357 3043 432 3105 ἀρχῆς
442 3045 552 3090 ἔνστασις
562 3041 608 3088 τῶν
618 3043 679 3090 ὅλων
727 3043 779 3101 ἥτις
798 3041 864 3090 ἐστίν
887 3041 1016 3104 ἀπολογία,
1035 3046 1118 3094 would
1140 3047 1171 3096 be

235 3109 385 3167 πραγμάτων
404 3109 515 3168 ἐγίγνετο
530 3103 557 3154 ού
574 3107 604 3154 δι’
623 3108 679 3162 ἐμοῦ
727 3119 797 3153 more
813 3107 914 3154 natunal
928 3107 1061 3168 according
1074 3111 1101 3157 to
1116 3125 1171 3158 mo·

236 3170 302 3218 ιίλλοί
319 3171 357 3219 διο·
372 3173 533 3228 Δημοσθένους
553 3171 592 3218 καί
608 3171 677 3218 Φιλο·
727 3169 873 3220 dernideae.
894 3169 927 3217 Of
933 3170 977 3218 the
985 3171 1079 3220 licenee
1087 3174 1171 3224 which

236 3233 341 3294 κράτους,
357 3238 371 3294 5
386 3235 417 3282 56
433 3234 502 3294 p.35
519 3233 678 3283 &⁵235st
728 3232 812 3282 Greek
837 3233 933 3282 writers
960 3235 1063 3284 allowed
1088 3237 1171 3286 them-

235 3301 280 3356 τὴν
288 3299 332 3356 μὲν
344 3301 421 3346 τοίνυν
434 3299 551 3347 κοινωνίαν
562 3299 609 3346 τοῖν
621 3299 679 3361 ὑπὲρ
727 3298 808 3345 solves
829 3297 858 3345 in
880 3296 943 3348 suth
964 3302 1070 3348 matters
1087 3301 1101 3349 I
1120 3303 1172 3352 will

235 3362 278 3420 τῆς
290 3359 377 3420 εἰρήνης
388 3361 500 3424 πράξεων,
515 3361 556 3410 ούκ
571 3365 628 3421 ἐμὴν
639 3364 679 3410 καί
727 3360 800 3422 bring
815 3363 865 3410 two
879 3363 1022 3423 examples:
1038 3365 1100 3413 Eur.
1112 3366 1168 3425 Ion,

235 3423 392 3486 Φιλοκράτους
401 3424 466 3473 α’λλιί
474 3429 634 3484 Δημοσθένους
640 3429 678 3474 καί
728 3423 790 3474 1307
801 3428 846 3485 τὴν
857 3428 901 3485 σήν
911 3428 971 3474 ὅπου
981 3444 1019 3476 σοι
1027 3431 1106 3491 μητέρ’
1119 3429 1172 3479 ε’στί

235 3488 392 3551 Φιλοκράτους
404 3490 610 3550 εὑρήσετε-οὐδὲ
618 3494 677 3539 τολ-
727 3491 840 3538 νουθέτει·
859 3489 910 3538 and
930 3490 1008 3552 Soph.
1027 3493 1116 3545 Trach.
1139 3496 1170 3544 97

236 3553 331 3603 λοῦδεῖ.
369 3553 535 3612 Βθθοιιξὸῧ.
727 3557 820 3613 κηρύξει
835 3555 876 3602 τὸν
894 3553 1034 3614 Ἀλκμήνας,
1054 3556 1110 3605 τόθι
1131 3576 1171 3614 μοι

267 3617 345 3677 2225.
367 3615 678 3680 τὴνδικαίον,..ιίπολογίοι]
725 3619 782 3666 τόθι
794 3621 849 3666 ταῖς
860 3620 918 3667 ναίει
929 3620 990 3670 ποτ’.
1026 3620 1080 3669 The
1095 3621 1171 3670 latter

236 3681 300 3730 This
310 3681 390 3732 idiom
404 3681 427 3730 ie
441 3693 510 3729 rare:
527 3683 572 3740 τὴν
589 3683 679 3730 δικαίαν
725 3682 748 3730 ie
759 3696 819 3744 vexy
831 3682 929 3730 similar
941 3685 967 3732 to
978 3697 1025 3734 our
1035 3698 1147 3746 passage.
