2692 4168
403 220 463 284 DE
492 219 633 286 FALSA
660 221 921 288 LEGATIONE
1067 227 1127 290 131

191 375 366 459 Ἀθηναίων
385 378 581 466 συμμάχους,
596 378 653 443 οὐκ
671 377 823 458 ἐβούλετο
842 385 953 446 τοῦτον
972 377 1128 465 ὀμωμοκό-

190 505 242 544 ναι
264 481 319 547 τὸν
343 479 435 567 ’όρκον
458 478 568 544 οὐδένα
593 483 655 545 τῶν
676 480 773 546 αὑτοῦ
795 480 974 569 συμμάχων
997 479 1045 566 (οὗ
1066 480 1131 566 γὰρ

190 580 276 668 αὐτῷ
303 581 551 665 συστρατεύσειν
580 581 628 667 ἐφ’
655 579 675 645 d
704 587 759 648 νῦν
787 582 855 669 ἔχει
883 586 945 650 τῶν
973 582 1129 671 ὑμετέρου

122 702 175 760 177
191 683 326 764 ἔμελλον
344 683 417 748 ἀλλ’
436 685 516 765 ἕξειν
535 682 698 769 πρόφασιν
717 684 788 753 τοίς
809 682 939 768 όρκους),
959 683 1030 750 οὐδὲ
1048 684 1127 770 μάρ-
1142 689 1197 746 160

191 813 286 870 τυρας
299 786 447 869 γενέσθαι
461 789 523 851 τῶν
537 785 746 874 ὑποσχέσεων
761 785 810 866 ἐφ’
825 785 875 856 αῖς
890 785 1049 871 εὑρίσκετο
1069 795 1129 870 τὴν

191 883 322 972 εἰρήνην,
347 889 419 954 οὐδὲ
442 893 534 954 τοῦτο
560 887 721 975 δειχθῆναι
744 892 855 968 πᾶσιν,
880 886 928 954 ότι
954 887 1010 954 οὐκ
1033 887 1081 976 ἄρ’
1107 889 1128 973 ἡ

190 1054 259 1103 idem
273 1055 421 1103 Sohaeferus
433 1053 539 1116 protulit
551 1069 582 1102 ex
593 1055 717 1104 Herodot.
728 1070 752 1104 v.
765 1056 811 1104 121
824 1053 934 1116 Καλλίης
944 1075 972 1105 τε
982 1055 1030 1118 γὰρ
1041 1058 1127 1117 μοῦνος

192 1120 324 1178 Ἀθηναίων
345 1120 458 1168 ἁπάντων
479 1118 569 1177 ἐτόλμα
592 1123 665 1168 κ.τ.λ.
688 1120 784 1167 nollem
806 1119 915 1170 iactum:
935 1120 1027 1169 diserte
1049 1125 1087 1171 καί
1104 1124 1127 1170 ol

190 1182 373 1243 Ἀλκμαιωνίδα
384 1197 405 1230 c.
419 1184 464 1230 123
476 1181 618 1242 respondet.
647 1183 734 1243 Neque
745 1197 804 1231 vcro
818 1183 846 1231 in
857 1184 972 1245 Xanopb.
985 1184 1124 1235 Memorab.

190 1261 219 1295 11.
232 1248 298 1304 6,19
317 1246 393 1307 (quod
404 1247 467 1294 citat
478 1245 523 1294 Vir
537 1246 706 1294 Doctissimus
718 1247 751 1296 ad
761 1247 837 1295 Dion.
849 1247 883 1295 Η.
896 1247 927 1296 de
942 1249 1029 1310 Comp.
1049 1249 1123 1299 Verb.

189 1325 207 1372 p
225 1312 282 1368 409)
294 1310 382 1358 dubito
394 1310 456 1371 quin
467 1312 525 1370 post
537 1311 649 1373 οὔτεγὰρ
660 1313 714 1360 τοὺς
726 1314 838 1370 πονηρους
854 1311 899 1374 sps
915 1314 998 1372 φίλους
1012 1315 1125 1372 ἀλλήλας

191 1378 326 1432 δυναμένους
344 1377 406 1434 είνιιι,
419 1373 538 1434 primitus
554 1376 674 1436 apodocin
686 1374 792 1436 scriptor
811 1376 920 1424 volucrit
938 1377 974 1425 aio
992 1377 1123 1437 effingere:

191 1442 244 1487 οὔτε
263 1442 312 1488 τοῖς
334 1441 445 1501 χρηστοῖς
464 1441 517 1488 τοὺς
539 1441 652 1500 πονηρους
671 1438 873 1499 συναρμόττοντας
894 1443 927 1490 είς
950 1443 1038 1501 φιλίαν.
1075 1440 1125 1490 sod

190 1503 398 1563 propterinsertu
415 1503 465 1551 πῶς
477 1502 527 1564 γὰρ
545 1502 575 1551 dr
578 1541 636 1551 ......
638 1505 758 1564 γενέσθαι,
780 1503 893 1564 primum
910 1504 987 1552 verbu
1008 1503 1124 1554 iteravit:
1177 1553 1181 1562 ,

190 1571 212 1615 oi
232 1569 276 1626 μὲν
295 1567 336 1615 οὖν
356 1569 452 1625 πονηροί
455 1604 513 1615 ......
517 1569 657 1626 πεφυκένου
681 1565 773 1615 deinde
786 1566 927 1614 necessario
950 1570 1066 1616 secutum
1085 1571 1124 1617 est

191 1630 255 1680 citt
270 1634 316 1690 μὴν
320 1668 376 1680 ......
381 1629 427 1680 οὐδ’
445 1630 476 1678 όν
480 1668 537 1680 ......
542 1629 725 1692 συναρμόσειαν·
751 1631 827 1691 plane
844 1633 873 1679 ut
894 1630 923 1678 in
941 1632 1047 1692 gemello
1068 1632 1123 1682 1000

191 1694 395 1754 Thucyd.t¹1.44
423 1697 461 1742 καί
473 1696 531 1756 πρός
546 1711 574 1742 τι
587 1697 641 1744 τους
655 1696 775 1757 Ῥηγίνους
794 1694 878 1755 λόγους
893 1697 1037 1754 ἐποιήσαντο
1041 1733 1098 1746 ......
1103 1699 1124 1745 οί

191 1760 216 1808 δὲ
234 1758 286 1808 οὐδὲ
305 1760 357 1818 μεθ’
373 1760 459 1820 ἑτέρων
479 1762 573 1818 ἔφασαν
595 1761 699 1820 ἔσεσθαι,
720 1758 772 1806 ἀλλ’
794 1761 807 1806 ό
826 1777 850 1806 τι
863 1758 894 1806 ἂν
915 1762 955 1808 καί
970 1762 1019 1808 τοῖς
1041 1761 1123 1809 ἄλλοις

190 1822 338 1872 Ἰταλιώταις
357 1823 456 1883 ξυνδακῇ
474 1825 546 1870 τοῦτο
567 1824 684 1881 ποιήσειν·
712 1825 733 1871 oi
755 1825 780 1871 δὲ
800 1825 857 1886 πρὸς
874 1821 912 1871 τό
935 1825 960 1872 ἐν
973 1825 1005 1885 τῇ
1023 1826 1123 1885 Σικελίᾳ

189 1889 321 1949 πράγματα
337 1885 454 1935 ἐσκόπουν
464 1904 508 1935 ns.
514 1890 537 1934 λ.
550 1885 593 1933 ubi
604 1886 662 1949 πρός
673 1904 700 1934 τε
715 1889 768 1935 τοὺς
777 1887 821 1944 'P.,
834 1885 891 1948 πρός
907 1905 935 1935 τε
954 1887 984 1950 (s.
1001 1889 1040 1936 καί
1054 1887 1120 1951 πρός)

189 1952 220 1999 τό
234 1954 258 1999 ίν
273 1951 306 2013 τῇ
317 1953 345 1998 Σ.
359 1951 498 2011 scripturus
511 1949 561 1998 fuit
580 1949 748 2011 Thucydides,
766 1950 817 1998 nisi
831 1953 988 2012 parenthesis
1002 1950 1121 2000 interces-

190 2013 273 2063 sisset.
305 2015 338 2062 In
359 2015 425 2062 Plat.
443 2014 542 2074 Protag.
565 2014 612 2065 317
631 2015 662 2074 D,
684 2014 812 2073 Phaedon.
833 2015 863 2063 63
882 2015 909 2073 0,
932 2015 1008 2075 Gorg.
1031 2016 1079 2064 524
1099 2016 1121 2064 Β

189 2078 277 2126 cadem
295 2092 371 2126 causa
386 2077 517 2138 prohibuit
534 2077 671 2138 quominus
690 2096 717 2126 τε
720 2117 778 2128 ......
782 2081 820 2127 καί
836 2077 904 2126 inter
922 2093 949 2127 se
968 2079 1121 2128 examussim

189 2140 472 2203 responderent—rt
497 2143 591 2202 πρῶτον
617 2157 666 2191 om.
698 2141 724 2191 S.
746 2142 793 2191 En.
818 2142 907 2192 Turro.
932 2143 1121 2202 Βοια--μὲν

191 2206 259 2266 (ante
283 2203 429 2270 ἀπαλεῖψαι)
446 2220 496 2256 om.
522 2205 547 2255 S.
571 2206 619 2255 En.
644 2206 934 2267 Tum—’Adpraiots
950 2222 972 2256 s.
989 2206 1031 2256 ΑῙ.
1048 2208 1120 2283 Hert

190 2284 363 2379 Ἀθηναίόιόζλ.
406 2317 467 2367 Mox
484 2319 700 2381 τοῖς...σνμμόχοις
719 2319 747 2380 Q.
774 2334 796 2368 r.
819 2334 839 2368 s.
862 2319 903 2369 Al.
925 2321 998 2369 Harl.
1041 2286 1119 2373 ddja..

188 2397 352 2495 σνμμιίχόόξλ
370 2455 372 2460 ·
386 2432 499 2481 Praefert
511 2431 654 2482 Sourarua.
693 2431 784 2482 “Sunt
796 2431 865 2481 enim
875 2432 939 2482 hacc
949 2434 1026 2483 verba
1036 2438 1121 2484 sumta

189 2511 203 2546 s
219 2498 329 2545 formula
348 2496 417 2557 pacis
431 2495 526 2557 pariter
546 2499 575 2544 ut
596 2496 651 2553 iiia,
672 2499 736 2555 πλὴν
750 2497 840 2545 Ἀλέαν
859 2500 898 2546 καί
919 2500 1025 2549 Φωκέων.
1061 2499 1121 2548 Jam

188 2575 247 2610 vcro
257 2561 302 2609 ilia
319 2561 347 2608 in
363 2560 473 2608 formula
484 2559 563 2608 fuisse
580 2560 702 2616 dativum,
713 2575 766 2607 non
785 2561 964 2619 accusativum,
982 2576 1035 2610 non
1049 2561 1120 2610 dubi-

189 2624 264 2686 tabis,
288 2625 311 2673 si
326 2624 463 2673 contuleris
480 2638 508 2685 p.
526 2625 581 2681 358,
597 2625 635 2674 26.
655 2625 711 2684 368,
728 2626 768 2671 22.
798 2625 854 2682 440,
871 2625 929 2675 25.”
961 2627 995 2674 Iu
1009 2627 1121 2687 formula

183 2691 265 2751 faisse
276 2690 389 2737 dativum
405 2689 513 2736 constat.
547 2687 598 2736 Sed
611 2687 716 2735 omnino
726 2688 775 2738 vid
790 2688 871 2737 Doara.
893 2688 937 2749 qui
953 2688 984 2737 de
1000 2688 1048 2737 hoc
1065 2690 1120 2737 loco

188 2753 284 2813 optime
308 2752 416 2802 meritus
438 2753 477 2800 cst
497 2750 536 2800 ita
557 2754 588 2799 ut
609 2751 676 2802 nihil
702 2751 754 2800 iere
777 2752 822 2800 alii
847 2752 1120 2814 reliquerit—taeit-

187 2817 268 2867 bovS.

234 2883 313 2942 9177.
348 2883 403 2930 οὔτε
421 2879 489 2940 (ante
500 2878 629 2942 μάρτυρας)
642 2893 730 2928 omnes
746 2878 813 2938 libri,
825 2878 893 2940 quod
902 2893 956 2928 non
971 2878 1043 2927 video
1059 2894 1120 2940 quo·

185 2946 261 2993 modo
286 2948 402 2993 constare
426 2943 516 3004 possit,
539 2943 590 2991 nisi
607 2957 683 3004 supra
708 2943 750 2992 οὐκ
769 2946 881 3007 ἐβούλετο
898 2947 965 2992 οὔτε
986 2944 1117 2994 rescribas.

187 3009 293 3058 Servant
310 3010 357 3060 Ea.
380 3009 470 3058 Turro.
490 3008 574 3057 Vouu.
594 3007 650 3071 [qui
666 3006 733 3057 mira
748 3008 859 3070 quadum
874 3008 974 3056 ratione
991 3008 1048 3056 vult
1067 3012 1122 3058 atre
1189 3066 1193 3076 Ι

186 3175 282 3242 011οείῖ
298 3179 344 3226 not
356 3183 371 3206 “
381 3179 408 3226 to
425 3177 496 3226 write
508 3177 581 3226 down
598 3176 627 3226 in
677 3177 768 3237 where,
778 3176 831 3225 had
841 3176 885 3226 the
897 3177 989 3226 Orator
999 3180 1045 3226 not
1056 3178 1121 3228 bcen

186 3243 627 3354 tttztt‘t‘ttttrttttt
677 3241 910 3353 titubet&
932 3241 1121 3356 tristis}

186 3371 287 3428 Among
301 3367 374 3416 other
388 3367 627 3430 instaurasquotad
677 3368 711 3430 by
734 3368 817 3416 Greek
840 3368 954 3429 authors,
978 3321 1011 3418 ξε
1035 3371 1120 3420 would

186 3434 220 3495 by
230 3431 338 3490 Dobrea,
348 3432 371 3480 is
386 3432 431 3481 tho
447 3448 507 3495 very
518 3432 628 3492 striking
678 3432 743 3480 bave
762 3433 863 3481 written
878 3431 930 3482 α’ντί
945 3435 990 3494 μίν
1005 3435 1049 3484 τοῦ
1067 3438 1120 3486 “rb

186 3510 293 3560 passage
310 3496 376 3543 irom
395 3496 529 3546 Timocrct.
541 3511 567 3558 p.
580 3498 627 3548 726
678 3499 774 3555 τίμημα
780 3496 794 3520 ”

187 3563 241 3624 §82
253 3562 349 3623 γράψας
361 3562 466 3619 ἀντίμίν
483 3564 533 3609 τοῦ
549 3563 628 3620 τιμή·
710 3562 788 3621 5177.
821 3561 858 3610 ότι
877 3559 919 3611 οὐκ
945 3559 1117 3624 ίρ’...ἥττιμο]

186 3644 273 3685 ματος
292 3627 320 3672 τὸ
339 3627 455 3685 ἀργύριον,
472 3624 525 3673 α’ντί
542 3626 568 3674 δὲ
586 3628 629 3672 τοῦ
682 3624 773 3672 “That
784 3627 807 3674 tt
819 3640 893 3674 ςιιυις
909 3627 932 3674 it
948 3641 999 3674 ιοος
1017 3629 1120 3675 nottho

188 3694 239 3741 “rt
264 3689 463 3754 γιγνόμενον”
497 3691 510 3738 t
538 3690 627 3750 ὦφλεν·
679 3703 733 3738 coac
756 3688 858 3754 (ιίιουρίι
875 3703 910 3739 wc
930 3690 982 3739 ίιοιί
1008 3692 1121 3752 expected

953 3790 1034 3853 9-2
