2644 4156
679 199 700 260 4

219 356 385 435 ἐπιδοῦναι,
402 356 454 420 καί
468 354 699 438 ἀπολογεῖσθαι
714 351 762 418 δτι
777 350 907 434 ἠγνόουν
922 349 954 416 οἱ
962 355 1155 437 στρατιῶται

219 456 267 523 ὅτι
289 458 447 541 ἱερομηνία
468 458 544 523 ἐστί.
589 457 642 522 καὶ
661 455 782 526 τούτοις
801 455 901 519 πάλιν
920 453 1034 536 ὁμοίως
1048 454 1155 536 ἔλεγεν

219 558 259 628 ὥς
274 559 366 644 φίλος
381 559 444 642 εἶμί
463 558 648 638 Ἀθηναίοις.
691 556 745 622 καὶ
765 556 908 627 ελθόντες
923 556 966 625 εἰς
981 555 1037 636 τὴν
1050 556 1153 623 Ἀττι-

218 659 276 743 κήν
299 662 339 726 τά
364 661 444 727 αύτά
468 667 532 732 τοῖς
556 661 668 730 ἄλλοις
691 659 895 742 ἀπήγγειλαν.
940 663 1041 725 ταῦτα
1065 659 1154 724 ἀκού-

218 791 331 836 σαντες
350 765 514 847 Ἀθηναῖοι
537 765 707 844 ἐβούλοντο
727 764 839 845 μαθεῖν
865 763 894 828 εἰ
916 763 983 845 μετ’
1007 763 1154 842 ἀληθείας

218 867 340 954 εἰρήνην
364 866 450 949 ἄγειν
472 867 626 948 βούλεται
651 870 831 938 Φίλιππος.
877 868 930 933 καὶ
954 867 991 948 δή
1015 867 1154 955 χειροτο-

139 970 201 1048 336
218 975 306 1042 νοῦσι
324 971 329 1058 Ῑ
349 971 424 1037 δέκα
434 973 594 1060 πρέσβεις.
626 972 689 1038 εἰσί
704 972 729 1036 δ’
745 972 831 1038 οὗτοι
843 975 1027 1058 Κτησιφῶν,
1045 973 1153 1059 Ἀρισ-

217 1073 356 1157 τάδημος,
373 1074 564 1160 Ἰατροκλῆς,
585 1075 707 1156 Κίμων,
730 1077 929 1156 Ναυσικλῆς,
948 1074 1152 1160 ΔέρκυλλοςῚ,

218 1177 355 1264 Φρύνων,
383 1177 594 1264 Φιλοκράτης,
624 1176 788 1264 Αἰσχίνης,
820 1175 1032 1259 Δημοσθένης.
1075 1178 1153 1260 πέμ-

217 1305 316 1345 τουσι
331 1279 364 1344 δὲ
378 1279 506 1349 τούτους
526 1278 569 1348 εἰς
586 1277 795 1356 Μακεδονίαν,
820 1277 871 1344 ἵνα
884 1279 1030 1361 μάθωσιν
1045 1279 1074 1344 εἰ
1086 1279 1153 1360 μετ’

217 1381 365 1461 ἀληθείας
384 1379 537 1459 βούλεται
559 1380 682 1468 εἰρήνην
702 1379 791 1464 ἀγειν
813 1381 828 1446 o‘
853 1385 1029 1454 Φίλιππος·
1050 1384 1103 1450 καὶ
1126 1386 1154 1450 εἰ

217 1481 332 1562 ἀληθές
347 1483 443 1558 ἐστιν,
460 1480 582 1566 ἐνέγκαι
595 1480 670 1565 παρ’
686 1481 781 1548 αύτοῖ
796 1481 949 1569 πρέσβεις
964 1485 1033 1554 τούς
1047 1491 1154 1571 ληψο-

216 1582 325 1666 μένους
343 1584 413 1654 τούς
431 1579 546 1670 ὅρκους.
591 1581 793 1649 ἀπελθόντων
812 1582 868 1648 οὖν
887 1587 949 1650 τῶν
968 1585 1041 1650 δέκα
1055 1587 1153 1672 πρέσ-

216 1689 310 1766 βεων,
324 1685 365 1752 ὧν
376 1685 414 1767 ἦν
426 1687 479 1751 καὶ
489 1686 702 1770 Δημοσθένης,
713 1685 832 1770 ἤγαγον
844 1685 908 1750 ἀπὸ
919 1690 974 1752 τοῦ
985 1686 1153 1754 Φιλίππου

216 1796 298 1877 τρεῖς
320 1791 481 1875 πρέσβεις,
507 1778 718 1873 Ἀντίπατρον
743 1789 954 1875 Παρμενίωνα
978 1789 1031 1854 καὶ
1055 1789 1152 1874 Εὐρύ-

216 1902 324 1981 λοχον,
345 1891 527 1977 ὀφειλοντας
544 1892 660 1969 λαβεῖν
680 1889 751 1961 τούς
773 1889 889 1976 ὅρκους.
934 1892 1153 1973 συναγομένων

218 1995 251 2060 δὲ
270 1999 331 2059 τῶν
350 1994 529 2079 συμμάχων
550 1994 612 2056 τῶν
632 1990 811 2071 Ἀθηναίων
832 1991 886 2057 ε’πὶ
906 1997 952 2080 τῷ
971 1999 1152 2083 παρασχεῖν

218 2095 288 2164 τοὺς
311 2093 419 2180 ὅρκους
442 2091 555 2180 χρόνος
583 2089 778 2180 παρήρχετο.
822 2093 875 2159 καὶ
903 2093 1068 2175 γινώσκων
1096 2095 1152 2174 τήν

219 2195 316 2284 φύσιν
329 2198 385 2260 τοῦ
399 2192 569 2260 Φιλίππου
583 2192 600 2258 ὁ
614 2191 830 2277 Δημοσθένης,
852 2193 892 2264 ὦς
912 2194 960 2260 ἀεί
981 2222 1152 2285 καταστρε-

218 2297 354 2383 φομένου
365 2296 418 2362 καὶ
429 2295 658 2382 ε’πηρεάζοντος,
670 2296 758 2379 λέγει
768 2303 832 2368 τοῖς
842 2298 1020 2377 Ἀθηναίοις
1030 2301 1152 2386 ταχέως

181 2446 187 2458 ·
217 2400 323 2465 δοῦναι
344 2400 419 2469 τούς.
436 2396 551 2485 ὅρκους,
569 2397 623 2464 καὶ
644 2397 687 2480 μή
709 2398 864 2485 παρόντος
888 2402 1150 2486 Κερσοβλέπτου·

215 2508 306 2583 ἔλεγε
330 2500 391 2585 γὰρ
422 2499 470 2565 ὅτι
499 2500 542 2569 εἰς
571 2498 627 2580 τήν
656 2500 787 2588 Θρηίκην
816 2501 1040 2590 ἀπερχομένων
1065 2504 1151 2588 ήμῶν

214 2603 344 2688 παρέξει
365 2599 436 2672 τοὺς
453 2600 561 2687 ὅρκους
581 2600 598 2665 ὁ
617 2600 879 2687 Κερσοβλέπτης.
921 2602 1026 2669 ἰστέον
1048 2604 1082 2670 δέ
1103 2606 1150 2671 ὅτι

214 2702 420 2788 Δημοσθένης
448 2701 607 2784 ἀπῆλθεν8
635 2705 668 2769 ἐν
697 2706 736 2787 τῇ
765 2703 894 2790 δευτέρᾳ
919 2705 1079 2794 πρεσβείᾳ
1101 2707 1152 2772 διὰ

214 2805 360 2888 τοιαύτην
388 2803 560 2892 πρόφασιν·
597 2802 746 2871 ἀπελθὼν
774 2803 835 2888 γάρ
867 2804 909 2874 εἰς
928 2803 995 2883 ’τήν
1023 2806 1151 2893 πρώτην

213 2905 389 2995 πρεσβεύειν
414 2905 500 2994 εὗρεν
523 2907 555 2972 ἐν
579 2905 761 2993 Μακεδονίᾳ
782 2905 868 2976 τινὰς
893 2907 955 2971 τοῖν
976 2906 1150 2988 Ἀθηναίων

214 3008 443 3098 αἰχμαλώτους,
467 3008 520 3073 καί
542 3007 701 3094 ὑπέσχετο
725 3009 830 3093 φέρειν
845 3008 880 3072 ἐκ
894 3010 956 3073 τῶν
971 3007 1057 3074 ἰδίων
1071 3037 1149 3096 χρη-

213 3109 321 3193 μάτων
349 3111 403 3176 καὶ
427 3109 587 3198 ῥύσασθαι
610 3107 729 3183 αύτούς,
759 3106 816 3174 ούκ
841 3108 966 3175 ἐδύνατο
996 3109 1031 3174 δὲ
1058 3113 1149 3174 τοῦτο

213 3216 355 3294 ποιήσαι,
370 3211 399 3277 εἰ
413 3212 457 3295 μή
477 3213 510 3277 ε’ν
530 3210 739 3298 προσχήματι
760 3213 967 3295 πρεσβευτοῦ.
1011 3209 1102 3292 ἔλεγε
1117 3211 1150 3276 δὲ

213 3315 270 3397 τὴν
285 3313 463 3402 πρεσβείαν
481 3315 631 3380 ἀπελθεῖν
651 3316 727 3402 πλῷ
748 3312 800 3378 διὰ
820 3313 872 3378 τδ”
894 3313 1004 3385 αύτούς
1026 3315 1149 3404 ταχέως

244 3469 301 3518 336.
335 3468 371 3532 (7)
383 3467 492 3515 “Immo
514 3469 654 3528 Δερκνλος”
705 3467 852 3514 constanter
875 3465 954 3514 Godd.
982 3465 1148 3516 Probabiliter

212 3533 263 3582 En.
292 3532 380 3582 Τσπιο.
408 3532 483 3580 Dem.
505 3532 585 3592 3965
608 3531 654 3581 198
706 3531 815 3580 fimena.
833 3533 875 3580 οὐκ
891 3530 977 3582 ἂνάπ.
996 3533 1021 3580 ἐν
1036 3533 1069 3592 τῇ
1087 3535 1106 3581 δ.
1121 3551 1147 3581 π.

212 3597 257 3646 ubi
284 3598 300 3644 2
327 3596 403 3646 Godd.
433 3597 572 3657 Δέρκυλλος.
597 3595 655 3645 vid.
706 3597 769 3654 είμή
787 3597 825 3644 διὰ
840 3613 862 3644 τ.
877 3613 903 3646 π.
933 3596 967 3658 (9)
980 3597 1066 3646 διὰτὸ.
1087 3596 1148 3644 “for

212 3660 340 3722 Aristoph.
353 3661 427 3722 vesp.
440 3661 479 3712 78.
514 3661 547 3722 (8)
560 3661 601 3709 οὐκ
612 3661 654 3708 ἀπ.
704 3658 749 3708 the
768 3659 828 3708 sake
849 3659 876 3707 of
896 3657 1041 3710 their...i.e.
1061 3661 1087 3708 to
1103 3659 1147 3707 the
