2692 4168
402 290 463 354 DE
491 287 633 354 FALSA
662 287 924 352 LEGATIONE.
1070 289 1130 350 125
1229 350 1239 360 ,

193 447 275 531 ὑμεῖς
304 448 377 533 περὶ
405 449 501 514 τῶνδε
529 453 591 514 τῶν
620 447 711 529 ἐγγὺς
735 445 789 511 καὶ
813 444 967 526 μειζόνων,
992 443 1075 525 λέγω
1098 443 1132 509 δὲ

123 551 179 622 167
195 550 334 616 Φωκέων
348 551 402 616 καὶ
420 553 547 627 Πυλῶν,
562 549 598 615 οὗ
620 546 827 636 προήσεσθαι·
848 545 892 627 μή
910 545 1132 633 προλαβόντος

195 655 222 720 δ’
238 656 355 722 ἐκείνου
374 662 475 722 ταῦτα
495 655 566 739 μηδ’
582 654 668 737 ὑμῶν
688 651 947 735 ἐξαπατηθέντων
966 648 1079 716 ἅπαντ’
1099 652 1132 718 ἐν

195 757 339 842 ἀσφαλεῖ
356 759 397 823 τὰ
415 756 577 845 πρόνγμαθ
591 756 664 838 ὑμῖν
680 754 820 827 ἔσεσθαι,
841 754 894 818 καὶ
915 753 991 840 παρ’
1010 752 1132 824 ἑκόντος

195 858 346 944 ὑπάρξειν
370 859 465 925 αὐτοῦ
487 860 528 926 τὰ
549 856 661 925 δίκαια.
705 856 759 921 καὶ
782 854 868 920 ταῦτ’
891 855 1017 924 εἰκότως
1035 853 1200 944 obroe153

156 1002 158 1006 ·
195 959 422 1043 ὑπελάμβανον
452 961 538 1043 ἕξειν.
595 961 623 1025 εί
655 959 716 1044 ιγὰρ
746 955 836 1038 ἦσαν,
866 956 905 1026 ὦς
938 955 1022 1038 ἦσαν
1050 957 1129 1034 τότε,

194 1065 317 1132 Φωκεῖς
351 1067 429 1148 σῷοι
462 1062 515 1126 καὶ
550 1062 661 1132 Πύλας
691 1061 784 1149 εἶχον,
818 1061 931 1129 ἐκεῖνος
958 1059 1016 1140 μὲν
1045 1055 1131 1123 οὐδὲν

194 1161 234 1228 ἂν
252 1161 257 1250 Ι
277 1163 350 1246 ὑμῖν
377 1162 461 1251 εἶχεν
488 1162 712 1229 ἀνατείνασθαι
735 1163 881 1249 φοβερόν,
904 1160 942 1225 δι’
965 1160 982 1226 b
1002 1163 1065 1225 τῶν
1086 1159 1129 1224 δι·
1145 1161 1206 1236 339

124 1281 181 1336 168
194 1266 290 1330 καίων
309 1266 349 1330 ἄν
368 1293 400 1330 τι
419 1265 590 1352 παρείδετε·
609 1264 681 1330 οὔτε
700 1263 761 1349 γὰρ
781 1265 862 1329 κατὰ
881 1266 941 1345 «γῆν
963 1261 1131 1346 παρελθὼν

194 1369 265 1436 οὔτε
285 1370 378 1462 ναυσὶ
397 1367 557 1453 κρατήσας
579 1367 622 1435 εἰς
643 1365 700 1447 τήν
718 1365 868 1446 Ἀττικήν
885 1363 971 1446 ήξειν
989 1363 1129 1444 ἔμελλεν,

194 1471 278 1552 ὑμεῖς
300 1470 327 1536 δ’
349 1473 466 1538 ἐκείνου
489 1475 694 1559 παραχρῆμα,
715 1469 743 1534 εί
759 1468 803 1549 μή
826 1467 867 1532 τὰ
888 1468 993 1533 δίκαια
1014 1467 1128 1545 ποιοίη,

194 1577 333 1641 κλείσειν
354 1577 393 1640 τὰ
415 1575 560 1662 ἐμπόρια,
581 1575 635 1640 καὶ
653 1573 825 1661 χρημάτων
842 1571 869 1637 τ’
888 1573 923 1636 ἐν
943 1569 1058 1636 σπάνει
1077 1572 1131 1634 καὶ

194 1681 255 1742 τῶν
278 1677 387 1742 ἄλλων
412 1679 445 1742 ἐν
467 1677 638 1762 πολιορκίᾳ
661 1676 762 1744 πάλιν
787 1673 881 1739 αὐτόν
905 1672 1127 1754 καταστήσειν,

194 1777 269 1864 ὥστ’
294 1781 406 1850 ἐκεῖνος
430 1779 446 1844 ὁ
472 1778 649 1845 δουλεύσων
670 1778 803 1862 ἔμελλεν
826 1776 958 1843 ἔσεσθαι
980 1779 1044 1844 τοῖς
1065 1771 1130 1838 ἀπὸ

194 1979 253 2027 Mox
264 1981 303 2028 καί
316 1981 365 2028 τοῖν
377 1983 487 2042 μειζόνων
502 1981 531 2031 F.
542 1982 571 2041 Q.
582 1981 611 2029 0.
622 1995 643 2030 r.
652 1996 709 2031 ατ.
744 1980 794 2030 Sed
810 1981 856 2029 τῶν
870 1983 943 2043 ἐγγὺς
961 1982 1000 2030 καί
1018 1980 1129 2042 μειζόνων

193 2043 373 2104 respondentia
384 2045 417 2093 ad
427 2049 476 2094 τοῖς
487 2048 567 2108 πόρρω
578 2049 616 2095 καὶ
629 2045 749 2106 ἐλάττοσι,
763 2045 796 2094 ad
807 2042 895 2094 e'adern
905 2045 1043 2106 pertinent.

241 2111 253 2168 ἓ
266 2109 320 2159 167.
356 2111 555 2159 ἐπανατείνασθαι
565 2127 605 2171 γρ.
616 2109 645 2159 F.
658 2109 682 2158 S.
694 2109 722 2169 Q:

240 2175 253 2232 5
266 2172 321 2223 168,
350 2192 412 2222 πονοι
423 2173 479 2222 sine
490 2167 596 2222 aooentu
605 2188 642 2234 pr.
658 2172 684 2222 8.
702 2173 809 2234 pantiq.
819 2173 876 2223 add.
896 2177 960 2222 ποιοῖ
973 2174 1023 2224 En.
1036 2173 1127 2224 Τοιιιο.

192 2234 274 2284 Bm.
284 2239 497 2287 ἱρὴ-δουλεύων
506 2237 546 2288 ΑῙ.
557 2238 582 2285 k.
591 2252 610 2287 s.
617 2238 842 2287 DIER-toeot‘at
851 2241 951 2297 ἔμελλεν
958 2238 985 2299 Q
997 2239 1026 2289 Ο.
1037 2242 1056 2288 t.
1067 2254 1091 2289 u.
1103 2255 1127 2288 v.

193 2303 294 2357 ἔμελλεν
312 2315 362 2350 om.
382 2316 420 2362 pr.
439 2302 463 2352 S.
484 2303 534 2353 En.
556 2303 645 2351 Turro.
671 2301 757 2351 Vonn.
791 2302 858 2351 Sane
874 2303 959 2362 potuit
978 2303 1091 2364 suppleri
1114 2319 1128 2351 e

192 2365 353 2426 praegressis,
366 2379 427 2428 nam
441 2367 464 2414 ei
482 2366 544 2414 ὥστε
554 2368 652 2417 ἔσεσθαι
668 2365 766 2427 jungas,
781 2366 895 2427 syntaxis
910 2367 1023 2428 postulat
1042 2370 1128 2418 ἐκεῖνον

193 2431 235 2476 τὸν
247 2431 413 2488 δουλεύσαντι,
426 2429 493 2491 quod
504 2431 662 2480 Vosmeliurn
672 2431 801 2479 monitum
811 2430 877 2478 volo.

1079 2556 1092 2610 ί

193 2609 312 2657 sentenos
322 2605 397 2667 being
415 2609 637 2668 affirmativa—
685 2607 702 2667 ἠ
724 2608 761 2656 διὰ
781 2609 845 2666 κενῆς
863 2606 1015 2658 ἐπανάτασις
1034 2610 1080 2657 τῶν
1102 2611 1126 2659 ὅ-

194 2675 252 2722 drr’
255 2708 315 2721 ......
319 2674 346 2719 οὐ
372 2672 530 2733 προήσεσθαι]
576 2671 635 2720 “So
687 2675 760 2731 πλον,
778 2671 828 2718 and
846 2671 957 2733 perhaps
975 2673 1028 2720 also
1043 2687 1078 2720 rr.
1094 2676 1126 2724 86

192 2736 249 2784 that
266 2749 319 2796 yon
336 2735 365 2782 in
381 2734 454 2783 those
469 2735 565 2783 remote
584 2734 636 2782 and
686 2735 728 2784 οὐκ
750 2738 823 2783 ἄλλον
852 2737 904 2784 τινὰ
934 2738 1127 2796 τροσείοντες

192 2798 488 2859 less-importantplaoes
503 2799 636 2860 observing
686 2801 776 2861 φόβον
796 2798 901 2863 (though
923 2814 993 2847 some
1014 2815 1048 2849 on
1069 2801 1126 2850 that

193 2863 301 2924 Philip's
333 2862 522 2923 over-reaching
558 2863 634 2924 spirit
685 2877 790 2924 passage
810 2862 876 2912 have
903 2862 1012 2928 adopted
1038 2864 1125 2912 Ruhn-

193 2928 243 3005 and
253 2925 430 2976 taithlessness
442 2925 504 3003 [and
521 2928 634 3001 drawtop
684 2925 755 3004 tren’s
763 2927 839 2977 view:
858 2929 990 2988 “altarinp
1006 2943 1035 2976 aaa
1046 2927 1125 3039 W}

192 2991 634 3104 rttsnrartttrtnsrrat
684 2991 885 3102 assatas
900 2991 1125 3115 ttgssfflbdbn

191 3133 262 3167 more
282 3117 347 3166 vital
365 3117 471 3167 interest
480 3156 538 3170 ......
551 3117 634 3166 would
685 3117 783 3166 Timaei
793 3118 879 3168 Lexio.
888 3118 969 3167 under
980 3121 1084 3187 θαλλός).

179 3181 453 3243 *notnegleotthsms'
485 3183 517 3230 In
535 3182 579 3229 the
595 3184 635 3230 di·
716 3183 796 3242 5168.
831 3185 870 3231 καὶ
892 3181 1124 3243 χρημάτων,.,,,,κα.

191 3255 249 3296 root.
273 3253 337 3295 orat.
365 3245 408 3294 the
436 3247 526 3295 Orator
551 3245 635 3293 would
684 3246 823 3306 τοστήσειν]
851 3245 934 3295 “And
951 3249 1034 3297 would
1051 3252 1126 3311 again

191 3311 256 3360 have
278 3309 335 3358 said
357 3312 418 3358 ὥστε
438 3309 463 3359 ον’
490 3309 634 3371 προήσεσθε.
684 3308 1125 3377 reduoehimtoadoartbotmoney,

192 3376 239 3426 See
250 3375 314 3436 App.
329 3375 359 3421 B.
676 3371 736 3420 *and
746 3371 867 3434 touohing
878 3374 913 3422 all
924 3375 997 3424 other
1007 3378 1092 3439 points
1099 3381 1126 3428 to

224 3438 367 3500 389.§167.
396 3436 635 3503 drarrtroodar]The
684 3437 817 3497 oportent
838 3438 984 3488 blookade.”
1019 3442 1065 3492 Sea
1080 3443 1125 3493 the

190 3503 327 3564 metaphor
357 3500 380 3550 is
413 3503 535 3564 probably
567 3503 633 3550 from
683 3515 802 3562 passages
819 3503 912 3562 quoted
928 3503 1015 3563 below,
1035 3511 1048 3567 ξ
1067 3507 1122 3567 362,

190 3567 356 3626 brandtsbiap
367 3569 500 3615 omotario
511 3582 527 3614 α
538 3581 632 3615 mooe-
684 3565 736 3614 and
754 3579 871 3626 compare
889 3567 933 3616 the
952 3569 1081 3617 condition
1099 3571 1126 3618 of

189 3637 234 3692 ιἰιρ
242 3645 352 3689 morter,
364 3630 429 3678 asin
441 3629 589 3692 Thuoyd.v.
602 3631 632 3682 17
683 3628 777 3679 Russia
793 3631 869 3680 when
888 3632 949 3681 shut
970 3631 1059 3680 within
1080 3633 1125 3682 the

191 3696 339 3810 rffpabmmb
353 3698 558 3808 προνειπονεσὸίσθη
585 3696 633 3807 gg
683 3694 839 3810 ἓνῆἒομοᾱ
862 3696 942 3744 Blaok
965 3696 1013 3747 Sea
1034 3696 1126 3759 during

190 3779 238 3810 των
283 3775 325 3806 σκε
340 3776 394 3817 αιμο
416 3777 452 3808 ων.
507 3772 573 3819 p.1v.
714 3774 727 3809 e
759 3775 858 3810 nmean
868 3775 927 3810 war.
950 3773 955 3808 t
