2644 4156
369 225 429 289 nn
457 222 600 291 elisi
628 213 894 294 LEGATIONE
1058 229 1100 296 ιι

161 380 220 444 δάν
243 409 274 446 τι
297 382 446 466 λέγοντος
469 383 567 467 τίκοὺη
596 411 657 465 μον
678 384 683 470 Ι
708 389 770 450 τῶν
792 385 1020 472 πεπραγμένων
1046 390 1099 452 καὶ
1113 415 1176 480 349

162 481 237 576 δοκῇ
253 483 350 549 δεινὸν
364 484 448 571 αὐτῷ
463 487 514 548 καὶ
530 486 737 578 ὑπερβιίλλον
751 485 837 561 εἶναι,
854 495 872 522 “
882 486 950 552 εἶτα
964 487 1027 552 τότ’
1043 488 1098 554 οὑκ

111 611 147 666 29
161 581 267 664 ἔλεγες
286 590 485 674 παραχρῆμα
505 591 606 650 ταῦτα
629 585 690 650 οὐδ’
707 586 866 657 ἐδίδασκες
887 587 967 667 ἡμᾶς
978 587 1008 667 ;”
1024 589 1096 652 θαυ-
1113 594 1157 648 λό’

160 682 251 766 μάζῃ,
268 683 356 749 ἀλλὰ
367 685 556 767 μεμνημένοι
571 686 628 756 τὰς
643 685 835 772 ὑποσχέσεις
849 689 904 756 τὰς
918 688 1045 766 τούτων,
1061 688 1098 756 ἃς

150 784 210 868 ἐφ’
232 786 375 850 ἑκάστων
396 786 575 867 ποιούμενοι
597 789 658 850 τῶν
681 790 797 871 καιρῶν
822 789 977 869 ἐξέκλειον
1000 788 1098 871 λόγον

160 886 330 974 τυγχάνειν
344 887 414 955 τοὺς
429 883 556 965 ἄλλους’,
573 888 625 952 καὶ
639 887 696 969 τῆν
711 890 903 970 ἐπαγγελίαν
918 891 973 968 τῆν
986 891 1097 956 τοὺτον

160 988 278 1067 ταύτην
295 987 353 1068 τῆν
375 989 485 1068 καλῆν,
508 989 602 1068 εἰδῆθ’
619 988 666 1054 dn
687 991 764 1075 πρὸς
787 990 891 1055 ἱίπασι
905 996 968 1059 τοῖς
986 992 1098 1062 ἄλλοις

160 1090 215 1153 καὶ
235 1095 328 1154 τοῦτο
345 1087 494 1169 ἠδίκησθε
514 1089 566 1155 ὑπ’
582 1091 685 1168 αὑτοῦ,
701 1089 749 1156 ίίτι
763 1091 886 1173 τάληθῆ
902 1097 1098 1180 παραχρῆμα

161 1194 215 1258 καὶ
239 1193 318 1274 ἡνίκ’
345 1195 406 1259 ἔδει
429 1195 645 1261 πυνθάνεσθαι
669 1196 876 1276 διεκωλύθητε
905 1198 1016 1262 ἐλπίσι
1045 1199 1098 1262 καὶ

111 1315 148 1369 30
161 1301 367 1381 φενακισμοῖς
381 1297 434 1362 καὶ
449 1297 667 1385 ὑποσχέσεσιν
685 1299 926 1381 ἐξαπατώμενοι.
971 1298 1097 1384 πρώτον
1113 1337 1146 1393 ²7

159 1393 218 1472 μὲν
245 1394 357 1458 τούτου
380 1395 432 1458 καὶ
455 1395 597 1473 μάλισθ’,
628 1395 724 1480 οὗπερ
755 1395 850 1472 εἷπον,
881 1396 970 1459 ἕνεκα
998 1397 1097 1459 ταῦτα

161 1492 333 1574 διεξῆλθον,
356 1495 499 1578 δευτέρου
521 1495 555 1561 δὲ
576 1498 677 1577 τίνος;
704 1496 757 1562 καὶ
778 1496 866 1561 οὐδὲν
888 1496 1055 1566 ἐλάττονος
1076 1497 1095 1575 ῆ

161 1596 281 1673 τούτου,
302 1595 352 1661 ἵνα
371 1596 427 1678 τῆν
449 1597 492 1662 δι’
517 1597 746 1684 ἀδωροδόκητος
768 1597 891 1685 ὑπῆρχε
912 1599 1096 1681 προαίρεσιν

209 1777 275 1836 529.
310 1778 427 1837 ἐξέκρονον
437 1780 480 1838 βω.
492 1791 570 1838 marg.
583 1778 612 1826 B.
626 1779 652 1825 el
663 1795 701 1839 γρ,
712 1777 741 1826 F.
755 1777 779 1826 S.
795 1777 891 1838 (ζῆ-μί.
910 1779 1024 1839 ἐξέβαλον
1042 1790 1096 1826 ιι.-

75 1855 78 1862 ·
160 1841 262 1900 βαλλον.
280 1843 399 1899 ἐξέκρουον
418 1840 512 1888 arridet
532 1841 689 1890 Senlnnnno.
723 1843 760 1890 cf.
773 1846 785 1902 ᾗ
797 1841 961 1890 26.—M0x
976 1844 1094 1901 ἐξατατώ·

161 1923 226 1962 μενοι
237 1917 286 1952 om.
303 1903 350 1950 En.
364 1903 452 1952 Teme.
471 1905 555 1954 Vonn.
568 1919 643 1965 quem
662 1906 727 1954 mele
746 1905 823 1953 hebet
842 1908 993 1965 φενακισμοῖς
1008 1909 1095 1965 ἐξαπο-

161 1969 257 2016 τοῖσθαι.
293 1967 320 2016 Si
331 1965 458 2027 Aristoph.
474 1969 570 2028 (Equit.
583 1969 639 2028 633)
652 1973 689 2018 και
700 1972 749 2017 τοῖς
760 1973 939 2029 φενακισμοῖσιν
946 1972 1095 2029 ἐξαπατωμέ-

162 2050 202 2090 νην
212 2034 280 2078 recte
292 2031 364 2087 dixit,
377 2030 466 2090 quidni
479 2032 682 2082 Demosthenes?
700 2033 785 2083 Sedet
796 2053 835 2096 γρ.
850 2034 874 2083 S.
890 2035 1009 2094 agnoseit.
1030 2033 1058 2097 [⁶⁴
1066 2034 1094 2081 in

161 2113 200 2157 γρ,
214 2109 295 2154 marg.
306 2093 403 2154 enliq.’'
421 2095 516 2156 Venn]

192 2272 249 2322 349.
267 2273 329 2330 ξιξ).
363 2273 454 2330 τὴνέτ.
470 2269 604 2330 τὴνταύτον
655 2273 726 2320 often
747 2272 834 2335 rashly
851 2273 916 2322 been
937 2273 1040 2335 ejected.
1082 2274 1095 2320 I

160 2337 250 2394 ταύτην
261 2339 304 2395 τὴν
316 2337 399 2396 καλήν]
416 2336 466 2382 For
478 2336 522 2383 the
533 2349 603 2395 repe·
653 2337 728 2383 think
735 2337 756 2384 it
764 2351 823 2398 may
831 2337 861 2386 be
870 2337 983 2386 retained
994 2337 1093 2385 inPlet.

160 2399 236 2448 iition
259 2401 285 2446 oi
305 2399 350 2446 the
364 2399 450 2446 arliele
473 2399 526 2461 (the
548 2399 604 2446 first
653 2401 780 2460 Protagor.
797 2403 843 2450 309
861 2402 884 2448 D
902 2405 939 2449 και
962 2401 1094 2462 σοφωτάτῳ

161 2467 204 2523 τὴν
214 2462 450 2522 λοιολςοιοτούτου,
460 2463 504 2510 the
512 2461 604 2510 second
653 2467 695 2522 μὲν
707 2463 798 2513 admi
809 2468 847 2513 και
859 2465 890 2512 be
905 2466 996 2523 closely
1007 2465 1094 2526 joined

160 2529 187 2574 ιο
209 2526 293 2590 καλήν)
317 2540 398 2586 comp.
421 2527 483 2576 Mid.
506 2540 531 2586 p.
556 2526 602 2574 563
652 2527 714 2575 wilh
725 2528 769 2575 the
778 2528 938 2588 superlative,
950 2534 966 2555 ‘⁶
978 2529 1034 2589 Ney
1044 2541 1094 2588 you

161 2593 173 2650 ἓ
184 2592 230 2640 149
241 2594 295 2640 τοις
306 2590 518 2652 ἅπορῤήτονς..,τιί
528 2608 538 2639 ς
552 2589 603 2638 τοὺ·
653 2591 744 2639 should
755 2605 799 2652 say
811 2594 865 2650 (not
877 2593 947 2653 σοφῷ
959 2592 1014 2654 but)
1030 2605 1093 2639 even

160 2654 385 2716 revyova'sdvhere
401 2653 500 2701 Bekker
518 2668 602 2702 cause·
652 2655 697 2702 the
718 2655 826 2705 wisent.”
870 2657 923 2703 Nor
943 2656 966 2703 is
988 2659 1032 2715 μὲν
1053 2653 1095 2703 οὑν

160 2717 321 2779 1οοοιγ[τάς]
343 2717 442 2776 τούτου).
480 2717 558 2765 Τλαο.
581 2732 599 2766 1.
653 2721 809 2780 (immonem)
822 2720 981 2768 enobstaele.
1004 2718 1092 2779 Comp.

161 2783 191 2829 23
206 2784 222 2840 ἡ
239 2786 284 2842 οὐχ
301 2781 388 2840 ἥκιστα
404 2780 603 2844 βλάψασα.,,...η’
653 2783 694 2830 Ar.
706 2783 751 2829 Av.
764 2785 810 2830 823
820 2786 870 2831 και
880 2783 974 2843 λῷστον
983 2785 1035 2841 μὲν
1046 2783 1093 2830 οὖν

161 2845 278 2904 λοιμώδης
295 2849 361 2894 νόσος
376 2843 468 2906 (where
484 2845 537 2892 also
554 2845 602 2892 Ed.

162 2911 183 2957 1.
203 2909 282 2958 Bekk.
303 2908 340 2970 [ἡ]
358 2912 410 2968 οὐχ.
443 2908 497 2955 The
516 2907 604 2956 οιιίοιο

161 2971 221 3020 here
240 2973 315 3020 eould
328 2974 373 3018 not
391 2972 422 3018 be
438 2971 562 3034 omitted).
581 2972 603 3020 Ι.

162 3035 207 3083 126
227 3039 253 3084 ἐν
271 3039 304 3096 τῇ
322 3037 366 3083 τοῦ
383 3037 437 3084 Διὸς
452 3036 485 3096 τῆ
501 3039 604 3096 μεγίστῃ

162 3101 243 3161 domii
272 3099 367 3147 Herod.
389 3113 423 3148 v1.
445 3099 477 3147 46
499 3102 557 3147 τῶν
578 3103 605 3148 ἐκ

163 3163 357 3222 ΣκαπτῆςὝλης
369 3163 423 3210 τῶν
439 3165 547 3224 χρυσέων
564 3181 604 3221 με·

162 3226 264 3277 τάλλαν.
308 3226 406 3274 Debree
427 3229 515 3286 quotes
537 3227 600 3274 Plat.

163 3292 236 3352 Gorg.
256 3291 303 3339 502
321 3290 344 3337 A
362 3289 377 3348 ῆ
399 3293 472 3348 σεμνὴ
486 3291 547 3347 αὕτη
564 3293 603 3338 καί

164 3357 288 3412 θαυμαστὴ
299 3355 316 3412 ὴ
330 3355 372 3412 τῆς
385 3355 517 3414 τραγῳδίας
538 3357 604 3413 ποίη-

163 3436 198 3468 σις
210 3418 302 3480 (where
314 3431 355 3464 see
367 3415 476 3478 stand).

194 3486 206 3542 g
218 3485 256 3530 30.
267 3483 307 3530 καὶ
315 3483 380 3528 οὐδὲν
391 3481 524 3540 ἐλάττονος]
539 3482 557 3507 “
566 3483 605 3530 καί

163 3546 266 3593 mallem
287 3543 431 3591 omissum”
462 3543 604 3592 Summa.

165 3609 312 3657 Translate:
339 3608 429 3669 “Why
442 3621 500 3655 even
510 3621 545 3654 no
555 3608 605 3655 lese

165 3675 294 3722 amelien
312 3671 378 3719 than
396 3670 471 3720 this!
498 3674 536 3721 καὶ
558 3671 606 3720 hes

667 2850 670 2909 Ι
685 2849 713 2894 τὸ
724 2849 833 2908 Φλέγρας
845 2851 924 2895 πεδίον
937 2847 1032 2908 (unless
1043 2860 1093 2906 any

654 2924 701 2958 one
712 2910 819 2958 hezerds
830 2910 874 2957 the
885 2910 1025 2970 conjecture
1036 2913 1094 2960 καλ-

654 2977 745 3033 λιστον,
756 2973 865 3021 whiehI
880 2974 920 3020 ior
936 2987 984 3021 one
1001 2974 1033 3022 do
1049 2978 1094 3021 not

654 3040 760 3084 venture
770 3039 856 3097 upon).
885 3038 908 3098 [Ι
926 3051 968 3084 em
983 3037 1095 3086 inclined

654 3102 681 3146 ιο
693 3099 785 3147 defend
793 3098 881 3148 Aeeeh.
894 3101 963 3160 Peri.
976 3101 1038 3149 1030
1049 3107 1095 3150 καὶ

655 3163 754 3221 πλέονῆ
773 3166 855 3210 παπαῖ
869 3167 912 3222 μὲν
930 3163 1095 3222 οὑν,1111111θ1-

654 3227 698 3286 ing
709 3227 736 3273 to
750 3227 831 3286 (1020)
845 3226 1019 3288 ὀιστοδέγμονα.
1037 3230 1096 3277 Por-

655 3303 702 3336 eon
713 3290 726 3336 I
737 3289 812 3336 think
823 3289 870 3338 hes
881 3306 945 3351 gone
959 3295 1002 3340 ιοο
1013 3294 1052 3340 iar
1068 3293 1096 3340 in

654 3352 791 3412 banishing
801 3353 867 3402 from
883 3355 928 3403 the
944 3355 1096 3416 Tregedians

655 3415 732 3466 ὀϊστός
755 3417 830 3477 (Med.
858 3420 914 3483 634)
939 3421 1015 3469 ἀΐσσω
1045 3421 1096 3468 end

655 3482 731 3542 ᾄσσω,
763 3479 851 3530 (ίΐστόω
873 3483 923 3530 and
950 3481 1030 3544 ᾀστόω
1055 3497 1096 3531 are

655 3545 853 3608 aelnowledged„
870 3546 927 3607 why
948 3549 994 3594 not
1016 3546 1095 3596 ὀϊστὸς

657 3608 708 3656 and
731 3609 826 3658 οὶοτόςι
863 3605 916 3658 Τλο
938 3613 1032 3657 metree
1054 3623 1096 3658 ere

655 3673 709 3722 also
720 3687 790 3722 more
801 3675 961 3735 congruens]
973 3673 1035 3722 This
1046 3676 1096 3734 epi-
