2644 4156
93 317 169 416 pl

162 203 246 298 ,ιιι
515 201 832 266 Dauosuuuius

206 384 285 424 ποτε
306 357 378 429 τούς
398 357 531 444 χρόνους
552 357 680 451 ἀνελών,
696 360 730 425 ἐν
751 359 798 429 οῖς
819 358 980 439 ἐδυνήθητ’
995 357 1034 426 ἂν
1055 354 1141 442 ἐξελέ

208 459 273 526 θεῖν
293 459 450 540 τηνικαῦτ’
474 459 588 525 ἐκάλει·
610 459 672 525 οὐδ’
694 459 734 526 dv
755 461 816 542 ἐμέ,
839 460 931 542 ἡνίκα
952 460 1043 545 δεῦρο
1064 460 1143 527 ἀπο-

46 638 48 647 1
207 567 302 628 πλεῖν
327 559 514 643 ἐβουλόμην,
541 563 744 626 κατεκώλυεν·
777 559 859 626 οὐδὲ
885 567 1016 628 τοιαῦτα
1038 561 1144 644 λέγειν

30 655 35 664 ’
58 645 91 718 θ’
208 663 308 750 τούτῳ
318 662 539 750 προσέταττεν,
553 663 589 743 ἐξ
602 661 644 727 ὦν
655 661 759 741 ἥκισθ’
771 659 856 744 ὑμεῖς
868 661 1010 744 ἐμέλλετ’
1022 663 1145 745 ἐξιέναι·

40 836 52 884 l
74 810 85 826 ι
113 823 127 853 r
210 765 282 832 ἀλλ’
303 740 403 866 idatii
423 764 619 895 ἐβούλεσθε,
627 763 760 846 οἰόμενοι
780 764 913 851 πράξειν
935 763 1027 832 αὑτθν
1047 765 1145 845 μηδὲν
1158 785 1197 844 57
1221 749 1243 778 x

209 946 286 995 esse”
304 947 387 996 oollat.
401 944 497 994 Herod.
514 958 571 994 vm.
591 945 630 1000 76,
651 958 684 993 11.
704 945 744 992 51.
776 941 834 991 Vid.
852 946 1076 1002 πολ-πώμαλα
1095 957 1146 992 vox

209 1011 296 1061 rarior.
332 1011 421 1059 Utitur
431 1013 518 1058 tamen
529 1007 659 1069 Aristoph.
671 1009 700 1055 in
711 1008 778 1055 Plut.
790 1008 830 1065 66,
847 1008 876 1055 in
887 1007 971 1057 Cooal.
983 1008 1084 1068 Fragm.
1097 1009 1146 1058 126

209 1076 298 1134 Dina,
308 1075 399 1136 Lysias
410 1087 450 1134 ap.
464 1072 534 1122 Suid.
548 1073 580 1132 (si
589 1071 617 1119 id
628 1074 666 1120 est
676 1071 777 1132 Lysiae)
789 1071 867 1119 etiam
881 1071 910 1118 in
921 1071 1005 1120 media
1019 1072 1141 1121 oratione.

212 1139 318 1200 Saepius
336 1137 452 1186 Oomioos
468 1139 566 1185 veteres
583 1149 718 1196 usurpasse
732 1137 841 1183 testatur
858 1135 981 1195 Harpoor.
1015 1135 1146 1184 Poetioum

211 1203 322 1263 appellat
333 1201 424 1249 Thom.
436 1201 502 1261 Mag.
516 1200 561 1261 qui
567 1199 594 1247 h.
605 1200 622 1248 1.
642 1198 751 1260 respicit.
787 1198 905 1247 Ceterum
917 1198 940 1246 si
949 1198 1066 1246 habenda
1080 1199 1145 1248 fides

211 1265 392 1314 Grammaticis
400 1265 527 1326 (Apollon.
540 1263 673 1312 Alexandr.
691 1263 720 1310 in
730 1262 807 1310 Belle
818 1261 940 1310 Aneodot.
950 1277 975 1324 p.
988 1263 1044 1320 604,
1056 1263 1145 1321 3-15,

211 1331 245 1380 ο1.·
263 1345 288 1391 p.
302 1331 358 1388 622,
378 1330 433 1388 623,
451 1327 519 1376 unde
537 1327 613 1375 oeteri
629 1326 742 1374 mutuati
759 1329 819 1374 sunt
841 1327 927 1387 Etym.
950 1327 985 1374 M.
1006 1327 1062 1384 698,
1079 1328 1111 1375 40
1122 1341 1142 1375 s.

212 1393 292 1443 Orion
302 1393 382 1441 Theb.
393 1391 505 1452 Etymol.
516 1393 571 1450 137,
584 1393 613 1438 12
626 1405 645 1439 s.
654 1391 706 1439 alii.
724 1389 780 1438 Vid.
794 1391 873 1438 Koen.
885 1392 911 1437 et
919 1390 988 1439 Bast.
998 1390 1030 1438 ed
1042 1391 1145 1451 Gregor.

212 1459 267 1507 (lor.
281 1473 307 1520 p.
327 1457 462 1514 141-144,
482 1458 507 1503 et
523 1456 594 1503 Bast.
610 1455 677 1516 adp.
692 1455 747 1515 077,
767 1455 824 1516 878)
842 1454 968 1502 formatur
984 1468 999 1501 a
1013 1457 1058 1516 πῶ,
1079 1454 1147 1515 quod

212 1523 335 1571 dialeotus
354 1521 445 1569 Dorioa
462 1534 508 1581 pro
525 1522 597 1568 πόθεν
613 1521 748 1580 supponat,
761 1517 847 1566 addito
862 1520 929 1576 μάλα
939 1518 1007 1578 quod
1023 1522 1143 1580 παρέλκει.

212 1586 285 1647 Quod
296 1586 328 1634 ad
338 1588 405 1643 μάλα
417 1585 517 1642 attinet,
529 1584 591 1632 sutis
600 1583 685 1644 inepte
697 1581 876 1639 Grammatioi;
893 1581 921 1630 id
932 1581 999 1642 quod
1007 1581 1078 1630 docet
1088 1586 1146 1630 tum

213 1650 239 1700 οὐ
256 1654 324 1710 μάλα
343 1649 391 1712 (uti
403 1647 513 1710 Hesyeh.
534 1648 654 1709 Harpoor.
668 1646 738 1695 aoid.
756 1646 808 1702 alii,
826 1645 877 1706 ipsi
890 1646 1025 1706 explicant)
1045 1649 1102 1694 tum
1120 1649 1144 1693 τί

212 1718 336 1774 μάλιστα;
353 1717 440 1772 πηνίκα
456 1715 577 1771 μάλιστας
595 1712 625 1759 de
640 1710 733 1771 quibus
748 1710 845 1758 consul.
861 1709 959 1756 Bolum.
971 1709 1026 1757 Ind
1045 1711 1144 1757 Platon.

212 1780 299 1840 Neque
309 1778 340 1826 de
357 1781 396 1826 πῶ
407 1792 422 1825 a
433 1778 506 1825 πόθεν
521 1776 630 1823 formato
644 1789 749 1836 possum
765 1775 828 1834 quin
845 1773 967 1837 dubitem.
1002 1773 1097 1822 Saltem
1115 1774 1145 1820 in

213 1843 317 1892 Theoor.
329 1857 364 1890 11.
377 1843 408 1889 14
419 1840 482 1889 αὑτῶ
493 1855 546 1887 non
557 1840 654 1888 αὐτόθεν
664 1839 731 1886 valet
750 1838 794 1887 sed
813 1839 887 1886 αὐτοῦ
906 1837 968 1900 (ibe),
983 1852 1007 1885 v.
1026 1839 1057 1885 45
1069 1838 1146 1885 τοντῶ

214 1907 255 1968 (al.
267 1909 355 1967 τουτεῖ)
366 1906 441 1965 velet,
456 1903 538 1952 ἐνθάδε
548 1918 600 1951 non
617 1905 715 1961 ἐνθένδε,
735 1903 839 1962 τηνῶθεν
853 1902 916 1965 (non
932 1902 1002 1959 τηνῶ)
1015 1901 1077 1949 dicit
1088 1904 1146 1962 ἀνὴρ

214 1973 349 2032 Μεγαρικὸς
364 1968 447 2033 (Arist.
462 1967 572 2016 tharn.
593 1966 865 2025 754,τηιῶιε11ιιοοι.
878 1980 917 2015 111.
933 1965 972 2025 10,
983 1968 1100 2014 τοντῶθεν
1110 1980 1144 2014 rr.

212 2036 252 2084 ts.
285 2035 375 2094 ltaque
386 2031 476 2080 Dorice
493 2033 532 2078 πῶ
547 2030 615 2078 idem
629 2030 696 2078 valet
707 2031 775 2090 quod
793 2029 876 2078 Attioe
893 2031 948 2078 ποῦ.
980 2029 1012 2077 In
1030 2028 1144 2090 Aeschyl.

212 2098 436 2158 Agam.1507m3;
455 2098 498 2157 (so.
511 2096 612 2144 ἀναίτιος
623 2097 646 2142 εἴ
660 2097 699 2154 σύ)
719 2094 913 2154 intelligendum
929 2095 959 2145 ut
976 2094 1023 2141 ποῖ
1038 2093 1067 2141 in
1083 2094 1147 2141 loeis

213 2156 1142 2283 θ’’11101’101”1111’1’1”1“ιθ’1““111·1“’Ἠι”θ’·”1’

227 2241 269 2273 on.
331 2237 480 2283 ,ο.].
557 2258 563 2281 ,
630 2257 678 2272 ..
742 2236 810 2281 ,ee
874 2235 1011 2269 esnora.
1054 2235 1147 2269 eme

214 2289 305 2338 (toron.
315 2303 341 2349 p.
354 2238 409 2345 263,
421 2291 433 2348 ξ
446 2289 499 2344 128,
511 2287 634 2335 Pantaen.
651 2300 677 2348 p.
697 2287 744 2340 978
763 2289 776 2346 5
794 2287 825 2334 41
843 2284 874 2333 de
894 2284 981 2346 Steph.
1004 2284 1143 2335 Trierareh.

213 2369 238 2414 p.
252 2355 313 2402 1231
325 2357 338 2414 ἓ
351 2354 387 2403 11.
404 2353 450 2400 ποῖ
469 2354 498 2410 δὴ
516 2351 595 2400 Thuo.
608 2365 665 2400 τιτι.
675 2352 715 2401 27.
749 2350 790 2412 (In
801 2350 885 2398 Prom.
902 2364 927 2397 v.
939 2350 986 2400 576
1001 2351 1147 2409 corruptum

213 2420 275 2478 puto
286 2419 326 2465 τῶ
334 2418 373 2465 πῶ
381 2418 438 2480 πελ)
469 2414 608 2463 Enimvero
623 2415 653 2462 in
670 2413 818 2476 hujusmodi
832 2413 894 2461 loeis
909 2414 956 2462 ποῦ
969 2413 986 2463 i.
997 2428 1021 2473 q.
1037 2413 1146 2472 οὐδαμοῦ.

215 2497 320 2543 ηιιοιιαιη
331 2483 382 2530 loeo
394 2487 421 2528 tu
432 2483 514 2528 ι’κιαιιι
531 2482 573 2528 eal
590 2481 659 2528 nullo
675 2480 726 2527 loeo
745 2485 773 2526 to
791 2480 874 2526 ι’κεοιικ
890 2493 921 2526 ιι.
957 2476 1007 2526 Sed
1024 2476 1099 2525 redeo
1115 2477 1147 2525 ad

215 2549 326 2604 πώμαλα.
358 2545 482 2604 Interrog.
506 2543 607 2604 signum
632 2543 733 2604 ponunt
755 2541 863 2593 smmi.
891 2543 917 2590 et
937 2540 1023 2590 Voau.
1059 2543 1148 2604 [quem

215 2609 282 2671 quod
298 2622 343 2670 ego
364 2608 453 2668 scripsi
474 2607 502 2655 id
522 2621 575 2655 non
594 2607 751 2668 perspexisse
772 2606 860 2654 miror.
893 2605 925 2653 In
941 2605 1029 2665 fragm.
1046 2605 1144 2666 Lysiae,

213 2674 282 2734 quod
299 2688 368 2722 nuno
386 2671 475 2721 leotori
494 2670 652 2729 oommendo,
674 2673 786 2732 γενναίως
802 2673 851 2733 γὰρ
870 2672 895 2717 αἱ
912 2671 1022 2732 γυναῖκες
1041 2674 1146 2728 πώμαλα

214 2743 307 2799 ἔφασαν
317 2737 440 2800 ὀρχεῖσθαι
451 2735 530 2796 αὑτάς,
544 2738 596 2784 δέον
606 2734 658 2784 οὐδὲ
668 2738 768 2784 πιούσας
779 2736 937 2794 ἀπηλλάχθαι
947 2734 989 2781 τοῦ
1004 2736 1144 2793 συμποσίου,

213 2802 359 2852 editurusne
368 2803 407 2850 est
418 2800 463 2848 Vir
474 2798 562 2848 doetus
575 2803 679 2856 πώμαλα
684 2802 713 2861 ςλ]
736 2799 823 2857 Recte,
839 2798 861 2846 si
872 2797 904 2846 ad
915 2796 1039 2857 originem
1051 2800 1146 2858 speeta-

212 2879 279 2926 mus,
291 2867 335 2916 sed
345 2880 404 2914 oum
416 2862 584 2913 Grammatioi
594 2865 740 2912 oonstanter
753 2862 857 2911 tradant
869 2861 907 2922 ὑφ’
928 2863 952 2910 ἓν
970 2864 1146 2923 ἀναγιγνώσκε-

213 2934 277 2988 σθαι,
300 2929 379 2980 simul
396 2932 500 2990 propter
521 2928 609 2988 fragm
629 2927 721 2990 Lysiae
740 2926 857 2988 equidem
876 2927 964 2987 ἐπέχω.
996 2925 1148 2985 Longiorem

213 2995 331 3046 claudant
343 2993 533 3042 adnotationem
550 3006 615 3053 quae
629 2991 662 3040 ad
680 2992 728 3039 loo.
744 2991 852 3039 Uerus.
886 2991 959 3050 ὄνομα
978 2992 1004 3040 δέ
1021 2992 1086 3039 ἐστιν
1105 2991 1145 3050 ὑφ’

213 3062 237 3107 ἓν
248 3059 486 3119 ἀναγιγνωσκόμενα,
501 3058 531 3106 ὡς
540 3059 584 3115 μέν
594 3058 654 3105 τινές
665 3062 725 3116 φασι
737 3055 850 3114 Σικελῶν,
871 3057 1017 3112 κομισάντων
1026 3056 1068 3113 τῆς
1088 3053 1145 3114 (lag.

211 3124 260 3170 τῶν
271 3125 300 3170 ut
311 3122 364 3171 MS.
378 3121 450 3170 Leid.
461 3122 546 3183 Etym
560 3120 646 3181 Magn.
657 3119 703 3180 qui
711 3119 799 3168 eodem
809 3118 920 3180 praebet)
929 3118 1017 3167 ἐκεῖθεν
1027 3119 1146 3180 φυγάδων.

213 3185 285 3247 Quod
296 3185 370 3233 Peilii
380 3185 410 3232 in
419 3186 527 3245 gratiam
538 3184 580 3246 (ad
590 3184 680 3244 rigam.
692 3183 736 3231 ubi
748 3187 827 3243 supr.)
843 3184 944 3243 praetor
957 3196 1054 3230 morem
1071 3182 1148 3230 iaooti

20 3277 21 3312 η
212 3249 400 3310 exsoiipsimus.
418 3249 477 3296 Mox
484 3248 605 3308 ἐδυνήθητ’
615 3248 643 3296 0.
656 3249 730 3311 (teste
738 3247 835 3310 Vouu.)
845 3245 953 3306 ἐμέλλετ’
957 3283 1014 3295 ......
1019 3248 1147 3308 ἐβούλεσθε

20 3319 21 3330 ’
213 3313 239 3364 s.
250 3313 300 3362 En.
313 3312 403 3360 Tuam.
415 3312 589 3361 Vosmssumr.
605 3315 636 3360 st.
654 3313 729 3360 Nune
739 3310 849 3373 reposui,
858 3309 965 3372 posthae
972 3308 1060 3359 invitis
1068 3309 1146 3360 Godd.

20 3371 22 3477 '
211 3377 367 3441 repositurus
377 3375 674 3438 hasaupmeattiormas.

212 3558 260 3605 ag.
272 3545 285 3604 ξ
296 3539 337 3598 34,
352 3553 384 3599 or
403 3540 490 3600 πόθεν,
508 3541 601 3589 πολλοῦ
620 3558 652 3602 γε
701 3538 804 3600 usually
825 3536 906 3586 found
926 3536 956 3586 in
982 3534 1036 3585 this
1060 3536 1147 3596 strong
1164 3513 1168 3520 ’

213 3612 252 3658 nal
263 3609 305 3665 δεῖ,
318 3619 346 3653 or
358 3605 451 3665 simply
463 3606 555 3654 πολλοῦ
565 3622 597 3666 ηε
612 3607 651 3654 καὶ
701 3603 777 3652 modo
794 3602 821 3651 ol
842 3601 988 3664 expressing
1007 3600 1052 3650 the
1072 3613 1147 3663 noga·

214 3675 256 3737 ὅεῖ,
275 3685 305 3720 or
323 3671 377 3720 οὐδὲ
388 3670 482 3719 πολλοῦ
494 3671 530 3720 δεῖ
539 3671 563 3732 (5
577 3668 651 3732 33)ss
701 3669 762 3718 tive.
