2644 4156
232 227 274 292 28
539 223 858 302 DEMOSTHENIS

231 375 327 444 αύτοῦ
341 382 396 459 τῆς
410 379 573 450 πολιτείας
588 379 845 463 ἀναμνησθέντες,
862 377 903 448 ὥς
916 376 1166 463 προβεβλημένη

231 479 284 544 καὶ
308 478 444 549 άπιστος
467 478 506 560 ἦν
524 479 602 564 πρὸς
626 482 680 546 τὸν
702 479 878 558 Φιλιππου,
901 478 959 558 τὴν
978 477 1060 559 μετὰ
1080 477 1178 570 ταῦτ’.

181 589 217 644 28
231 579 378 664 ἐξαίφνης
392 585 555 662 γεγονυῖαν
576 580 688 646 πίστιν
709 581 763 646 καὶ
785 581 896 665 φιλίαν
916 579 1094 666 σκέψησθε,
1111 577 1165 645 εἶτ’
1177 604 1216 660 31

230 682 259 747 εἰ
278 682 336 763 μὲν
358 683 534 762 έκβεβηκεν
555 681 602 746 ύσ’
618 683 793 766 ἀπήγγειλε
815 682 893 768 πρὸς
915 681 994 762 ὑμᾶς
1009 681 1097 752 οὗτος
1112 680 1166 744 καὶ

229 787 335 853 καλῶς
357 784 486 871 ἔχειτὰ
507 787 721 868 πεπραγμένα,
745 784 796 850 διὰ
818 783 874 864 τὴν
896 783 1048 864 ἀλήθειαν
1062 784 1116 849 καὶ
1130 783 1167 850 τὸ

229 884 391 970 συμφέρον
412 889 451 969 τῇ
473 885 566 949 πόλει
586 885 775 969 γεγενῆσθαι
796 885 953 967 νομίσητε,
971 885 998 950 εἰ
1011 883 1046 948 δὲ
1059 884 1166 950 πάντα
1186 961 1192 972 ι

166 1067 172 1072 ,
228 985 380 1053 τάναυτία
396 985 438 1051 οἷν
452 986 541 1057 οὗτος
555 987 624 1054 εἶπε
638 987 826 1072 πέπρακται,
844 988 897 1051 καὶ
911 986 1039 1066 πολλὴν
1053 985 1166 1073 αἰσχύ-

229 1117 285 1170 νην
306 1089 359 1154 καὶ
380 1089 536 1171 μεγάλους
558 1088 715 1158 κινδύνους
736 1087 822 1152 τοῦτ’
839 1087 905 1174 ἔχει
926 1089 966 1170 τῇ
987 1085 1090 1165 πόλει,
1114 1084 1166 1149 διὰ

229 1192 285 1269 τὴν
299 1188 557 1278 αἰσχροκέρδειαν
571 1189 627 1269 τὴν
643 1190 752 1254 ἑαυτοῦ
773 1187 826 1252 καὶ
843 1190 879 1252 τὸ
898 1186 1070 1274 χρημάτων
1085 1187 1164 1252 ἀπο-

229 1290 343 1355 δόσθαι
357 1289 479 1371 τάληθῆ
494 1289 777 1372 μεταβεβλημένον
791 1287 883 1354 αὐτὸν
898 1288 1006 1369 εἰδῆτε.

180 1419 225 1477 2η
294 1390 455 1473 Βούλομαι
470 1389 505 1466 δ’,
522 1389 690 1475 ἐπειδήπερ
704 1388 747 1458 εἰς
767 1387 894 1456 τούτους
913 1387 1080 1476 προήχθην
1094 1390 1163 1460 τοὺς
1176 1410 1217 1466 32

229 1491 350 1575 λύγους,
364 1491 398 1558 δν
412 1490 529 1576 τρόπον
543 1492 582 1556 τά
597 1490 669 1577 περὶ
680 1490 750 1560 τούς
762 1490 892 1560 Φωκέας
906 1489 1068 1572 πράγμαθ’
1080 1490 1164 1571 ὑμῶν

223 1592 417 1678 παρείλοντο
443 1597 568 1679 πρῶτον
594 1593 692 1659 εἰπεῖν
718 1590 876 1657 ἁπάντων.
921 1590 1022 1657 δεῖδὲ
1046 1592 1164 1675 μηδένα

153 1707 215 1770 350
228 1695 321 1777 ὑμῶν,
346 1693 370 1758 ὦ
400 1693 507 1780 ἄνδρες
536 1693 693 1771 δικασταί,
717 1693 760 1763 εἰς
789 1692 826 1757 τὸ
855 1696 917 1757 τῶν
938 1692 943 1780 Ι
968 1694 1164 1778 πραγμάτων

226 1795 356 1879 μέγεθος
386 1794 627 1880 ἀποβλέψαντα
654 1795 775 1877 μείζους
807 1793 864 1863 τὰς
894 1793 1081 1879 κατηγορίας
1109 1796 1163 1859 καὶ

274 1968 287 2025 §
299 1966 338 2013 31.
372 1966 551 2026 αἰσχροκερδίαν
562 1963 591 2010 F.
604 1963 630 2012 S.
643 1965 670 2024 [“
679 1977 715 2024 pr.
730 1977 818 2012 reeens
829 1965 937 2014 mutavit
950 1965 997 2014 tin
1009 1985 1028 2015 ει
1038 1969 1053 1992 ”
1066 1965 1162 2028 Venno]

227 2029 255 2078 Y.
267 2029 296 2089 Q.
309 2043 328 2077 s.
342 2028 409 2089 quod
419 2027 531 2075 notabile
543 2029 588 2076 est.
623 2027 726 2088 Recepit
737 2028 821 2076 Vonn.

274 2094 338 2153 §32-
370 2094 499 2154 βλέψαντα
511 2091 535 2141 S.
550 2091 579 2140 Y.
592 2091 643 2138 Eo.
656 2090 745 2140 Τυαιο.
758 2091 836 2140 Dtnn.
848 2092 932 2142 δοται.
944 2094 1028 2146 ann.
1043 2096 1075 2144 st.

227 2267 289 2313 tatic
300 2266 367 2313 foroo
377 2265 400 2312 ie
411 2265 491 2314 found
501 2266 529 2314 in
538 2268 582 2315 καὶ
594 2266 667 2326 μάλα,
721 2267 790 2315 know
805 2267 827 2315 it
842 2281 893 2316 was
913 2268 994 2330 owing
1009 2270 1037 2318 to
1052 2268 1094 2318 his
1105 2283 1161 2318 own

227 2333 265 2379 καὶ
277 2330 363 2387 πολύ,
376 2333 416 2378 καὶ
423 2333 484 2388 λίαν,
496 2331 547 2380 end
555 2345 583 2378 εο
591 2331 667 2378 forth.
719 2330 779 2378 bose
790 2331 845 2380 love
853 2332 947 2392 oigain
958 2333 1058 2381 andhis
1066 2333 1161 2394 having

226 2396 482 2460 *προβεβλημένη
501 2396 621 2454 ρυανάιά,
640 2408 669 2442 as
720 2394 775 2442 sold
791 2394 835 2444 the
852 2396 923 2445 truth
935 2397 974 2445 for
991 2411 1091 2457 money,
1103 2398 1160 2446 thet

226 2472 263 2505 we
271 2471 323 2518 εογ,
335 2457 479 2520 employing
489 2458 668 2507 thesememe·
719 2457 752 2505 he
763 2457 809 2506 hee
821 2459 934 2519 changed
945 2460 986 2508 his
998 2461 1107 2521 polioy.”
1124 2462 1159 2509 As

225 2520 324 2583 tephor.
719 2535 753 2568 en
774 2522 888 2571 instenoe
910 2525 937 2572 oi
953 2523 997 2572 the
1021 2525 1160 2573 wonderful

257 2587 323 2647 5³1.
352 2585 459 2642 “Then.
482 2586 503 2634 ii
523 2584 615 2634 indeed
633 2586 668 2634 ell
720 2586 820 2645 δεινότης
834 2588 860 2635 oi
875 2588 1100 2637 Demostheneein
1116 2603 1160 2637 οη-

225 2649 273 2699 hes
284 2650 395 2698 resulted
406 2649 463 2698 thet
473 2650 506 2698 ho
514 2650 630 2712 reported
641 2653 668 2698 to
720 2652 824 2708 titheeie,
844 2666 926 2711 comp.
940 2652 1041 2712 Leptin.
1062 2667 1086 2713 p.
1111 2651 1158 2701 465

225 2729 283 2776 you,
292 2713 343 2763 and
352 2715 374 2762 ii
386 2715 452 2762 what
461 2713 509 2762 has
520 2713 637 2763 ooourred
644 2714 667 2762 i
717 2717 731 2773 ἓ
743 2715 775 2760 26
786 2718 852 2777 παρὰ
866 2717 908 2773 μὲν
927 2715 977 2777 ’γάρ
994 2718 1037 2765 τὰς
1055 2719 1095 2764 ἐπὶ
1114 2719 1161 2764 τῶν

225 2780 343 2838 well‚you
351 2793 410 2840 moy
414 2779 494 2840 fancy
500 2778 613 2840 [observo
622 2778 667 2826 the
718 2782 838 2840 χορηγιῶν
855 2779 961 2828 δαπάνας
977 2782 1059 2841 μικρὸν
1075 2781 1161 2841 ἡμέρας

162 2871 165 2880 =
227 2844 339 2891 oontrast
355 2842 467 2890 between
485 2844 595 2901 νομίσητε
616 2842 667 2890 and
717 2841 890 2904 μέροςὴχάρις
900 2846 947 2893 τοῖς
955 2846 1075 2903 θεωμένοις
1086 2847 1158 2903 ἡμῶν,

225 2910 309 2968 εἰδῆτε,
330 2906 380 2955 and
396 2907 493 2954 lament
512 2905 556 2954 the
572 2905 665 2966 impos·
718 2909 784 2962 παρὰ
801 2909 826 2956 δὲ
837 2907 879 2956 τάς
890 2910 936 2956 τῶν
948 2910 979 2956 εὶς
995 2911 1036 2957 τδν
1054 2907 1159 2967 πόλεμον

225 2970 322 3032 sibility
333 2970 512 3031 ofexhibiting‚
523 2969 665 3017 inourlan·
717 2973 872 3031 παρασκευῶν
892 2974 1003 3031 ἀφθονίας
1020 2971 1099 3020 πάντα
1119 2975 1160 3021 τὸν

226 3049 312 3095 gange,
324 3034 369 3082 the
383 3034 508 3082 beautiful
523 3034 619 3082 artifice
638 3033 666 3081 in
717 3032 944 3094 χρόνονησυπηρία
956 3034 1024 3096 πάυη
1036 3037 1067 3096 τῇ
1081 3035 1158 3084 πόλει.

224 3098 352 3157 reserving
362 3097 549 3147 eitherwordto
561 3097 605 3146 the
616 3097 666 3145 end
717 3097 805 3158 Gomp.
815 3098 869 3147 oleo
880 3099 941 3148 Mid
954 3113 979 3159 p.
992 3100 1039 3147 525
1048 3101 1097 3158 §33
1109 3098 1160 3147 and

224 3162 251 3209 of
266 3162 301 3209 its
323 3162 417 3222 clause]
436 3162 458 3208 it
479 3176 530 3210 was
543 3162 625 3221 owing
639 3165 666 3210 to
716 3161 788 3221 Lept.
807 3176 832 3223 p.
852 3163 900 3211 461
917 3165 930 3221 ς
947 3163 977 3209 14
994 3166 1073 3216 δαοιον
1093 3167 1157 3225 γενέ-

223 3225 296 3273 truth
317 3224 368 3273 and
383 3225 427 3273 the
441 3225 560 3274 interests
577 3226 604 3274 of
622 3225 666 3273 the
717 3228 774 3274 σθαι
785 3227 991 3286 δοκεῖν,..δμοίαν
1002 3229 1081 3276 εἶναι.

224 3291 290 3337 state
306 3288 364 3336 thet
380 3288 433 3336 thie
451 3289 596 3338 confidenoe
615 3289 667 3338 ond
748 3290 812 3347 332.
829 3293 871 3349 τῆς
881 3291 966 3339 τούτου
973 3290 1049 3351 δόξης]
1062 3296 1077 3318 “
1085 3290 1159 3338 Thon

223 3351 365 3412 friendsh'm
375 3351 440 3400 have
449 3366 544 3414 sprung
558 3367 601 3414 up,
620 3353 667 3400 but
715 3351 760 3400 the
782 3355 927 3414 reputetion
945 3355 971 3402 ot
995 3353 1039 3402 tho
1057 3353 1158 3403 deiend-

222 3416 244 3464 ii
260 3416 330 3477 quite
351 3415 396 3463 the
414 3419 533 3477 oontrery
551 3419 578 3464 to
598 3416 666 3465 what
717 3418 787 3473 μηδ”
809 3417 878 3466 “the
897 3420 990 3466 oaltbre
1012 3417 1039 3464 of
1061 3417 1158 3466 suche

222 3479 266 3528 the
278 3479 414 3528 defendent
425 3478 478 3528 told
494 3493 545 3539 you
563 3480 611 3529 has
626 3495 665 3529 oo·
715 3494 808 3541 person
836 3495 865 3529 es
891 3481 1057 3529 Aeschines.’¹
1093 3481 1156 3529 This

222 3543 319 3600 ourred,
345 3542 397 3591 ond
423 3543 445 3591 it
470 3541 523 3590 this
548 3545 666 3592 oonteine
716 3543 798 3605 might
806 3545 871 3593 heve
882 3545 945 3592 been
953 3545 1157 3605 expressed(per·

221 3609 291 3668 great
302 3605 493 3668 ignominyond
503 3621 538 3654 no
548 3607 668 3668 ordinary
714 3607 780 3668 heps
790 3623 860 3656 more
879 3609 982 3670 clearly)
1000 3607 1016 3669 ἢ
1035 3610 1098 3658 κατὰ
1115 3611 1159 3666 τὴν

222 3671 328 3734 dengere
342 3673 369 3720 to
384 3670 428 3720 the
443 3672 518 3729 stete,
537 3685 587 3735 you
604 3685 664 3734 may
717 3671 801 3723 τούτου
812 3673 887 3734 δόξαν.
907 3672 964 3734 δόξα
980 3673 1004 3722 ie
1023 3671 1118 3724 eword
1131 3673 1159 3720 oi
