2716 4146
240 213 302 279 '224
546 213 866 279 DEMOSTHENIS

237 377 333 458 μένην
347 372 470 461 εἰρήνην
480 363 736 459 πρεσβεύσαντα,
750 373 851 439 ἵππου
864 373 922 453 μὲν
933 371 1047 459 δρόμον
1059 372 1176 459 ἡμέρας

160 497 224 563 429
238 478 316 560 πεζῇ
344 477 388 557 μὴ
417 475 642 564 καταβαίνεινΙ
663 477 716 541 ἐπὶ
745 475 803 556 τὴν
833 475 996 541 θάλατταν
1023 477 1174 554 βασιλέα,

238 577 323 646 ἐντός
346 577 381 641 δὲ
403 577 594 642 Χελιδονίων
618 579 671 641 καὶ
696 576 845 641 Κυανέων
869 576 973 662 πλοίῳ
998 581 1110 664 μακρῷ
1130 579 1174 661 μὴ

235 681 338 752 πλεῖν,
355 677 402 742 ότι
418 678 502 761 δῶρα
522 681 636 757 λαβεῖν
651 678 737 760 ἔδοξε
751 679 965 764 πρεσβεύσας,
981 686 1095 765 μικροῦ
1116 681 1174 760 μὲν

235 778 428 857 ἀπέκτειναν,
446 782 478 844 ἐν
493 779 527 845 δὲ
548 785 616 850 ταῖς
631 780 771 850 εὐθύναις
785 779 981 860 πεντήκοντα
996 781 1173 864 ἐπράξαντο

167 882 385 963 274τόλαντα.
429 883 532 948 καίτοι
553 883 676 948 καλλίω
699 883 814 963 ταύτης
832 882 955 968 εἰρήνην
970 883 1041 948 οὕτε
1061 885 1172 967 πρότε-
1186 916 1245 971 312

233 1012 290 1068 ρον
304 983 369 1049 οὔθ’
384 985 516 1071 ὕστερον
531 983 628 1054 οὐδεὶς
642 984 681 1050 ἂν
697 985 794 1050 εἰπεῖν
809 984 879 1072 ἔχοι
891 986 1106 1066 πεποιημένην
1116 986 1173 1068 τὴν

234 1088 340 1152 πόλιν.
368 1087 441 1151 ἀλλ’
453 1087 488 1150 οῦ
503 1086 587 1151 τοῦτ’
600 1087 762 1164 ἐσκόπουν,
775 1087 886 1152 τούτου
899 1088 957 1168 μὲν
968 1087 1028 1173 ηῦρ
1040 1087 1172 1169 ἡγοῦντο

234 1189 291 1269 τὴν
309 1189 412 1254 αὑτῶν
435 1188 548 1275 α’ρετήν
571 1188 624 1252 καὶ
647 1188 704 1268 τὴν
727 1192 782 1268 τῆς
805 1188 928 1259 πόλεως
951 1189 1045 1271 δόξαν
1068 1189 1173 1254 αἰτίαν

234 1291 320 1368 εἶναι,
337 1296 392 1357 τοῦ
407 1292 441 1357 δὲ
455 1296 572 1373 προῖκα
587 1291 606 1371 ἢ
628 1291 673 1374 μὴ
687 1291 741 1356 τόν
756 1291 874 1377 τρόπον
888 1297 944 1357 τοῦ
961 1294 1171 1376 πρεσβευτοῦ·

234 1397 343 1458 τοῦτον
358 1391 412 1458 οῦν
434 1394 553 1458 δίκαιον
567 1393 675 1476 ἠξίουν
695 1395 895 1482 παρέχεσθαι
910 1394 963 1458 καὶ
978 1394 1171 1479 ἀδωροδόκη-
1345 1459 1346 1466 ,

166 1521 289 1582 275rov
312 1497 364 1561 τόν
389 1496 566 1583 προσιόντα
591 1503 655 1567 τοῖς
680 1503 800 1565 κοινοῖς.
847 1498 958 1562 ἐκεῖνοι
984 1498 1042 1580 μὲν
1067 1501 1244 1573 reive-2313
1345 1475 1346 1559 ἰ

233 1597 329 1667 ούτως
354 1598 467 1683 ἐχθρόν
486 1596 618 1678 ἡγοῦντο
644 1596 680 1662 τό
704 1597 885 1684 δωροδοκεῖν
909 1600 962 1663 καὶ
983 1599 1172 1669 ἀλυσιτελὲς

233 1705 272 1785 τῇ
295 1701 397 1777 πόλει,
412 1698 494 1764 ὥστε
515 1699 588 1782 μήτ’
613 1701 667 1766 ἐπὶ
692 1703 835 1785 πράξεως
857 1701 1009 1781 μηδεμιᾶς
1032 1700 1104 1783 μήτ’
1121 1701 1171 1766 ἐπ’

233 1802 341 1890 ἀνδρὸς
366 1805 420 1867 ἐὰν
443 1803 616 1885 γίγνεσθαι·
646 1803 731 1885 ὑμεῖς
756 1802 798 1881 δέ,
824 1801 847 1868 ὦ
872 1802 979 1888 ἄνδρες
998 1802 1169 1884 Ἀθηναῖοι,

232 1906 289 1984 τὴν
312 1904 407 1986 αὐτὴν
431 1906 554 1992 εἰρήνην
578 1904 749 1991 ἑωρακότες
772 1905 814 1968 τὰ
834 1904 893 1988 μὲν
915 1907 977 1968 τῶν
993 1905 1171 1994 συμμάχων

233 2011 293 2074 τῶν
308 2008 463 2096 ὑμετέρων
473 2009 564 2096 τείχη
579 2008 798 2094 καθῃρηκυῖαν,
811 2006 866 2076 τὰς
880 2007 915 2071 δὲ
928 2009 990 2073 τῶν
1001 2007 1171 2093 πρέσβεων

233 2110 331 2179 οἰκίας
346 2109 580 2189 οἰκοδομοῦσαν,
597 2110 651 2173 καὶ
674 2109 715 2173 τὰ
737 2109 795 2191 μὲν
809 2113 865 2188 τῆς
880 2108 1002 2178 πόλεως
1025 2109 1171 2190 κτήματα

233 2261 314 2321 vulgo.
337 2263 381 2319 τὴν
392 2263 462 2321 (ante
472 2260 604 2324 θάλατταν)
618 2275 667 2310 om.
681 2261 709 2310 F.
723 2261 751 2321 Q.
763 2277 781 2311 r.
797 2261 836 2310 A’.
853 2263 916 2322 [τὴν]
927 2261 1170 2311 aner—xan-

234 2328 326 2375 δονειων
337 2325 361 2374 S.
400 2327 557 2373 Χελιδονιιίων
574 2340 592 2375 s.
613 2325 651 2375 ΑΙ.
680 2326 815 2373 Χελιδονίαι
839 2329 925 2386 πέτραι
949 2325 1036 2386 Steph.
1061 2326 1166 2386 Byzant.

233 2391 375 2438 Χελιδονίων
394 2389 520 2439 Plutarch.
545 2390 572 2440 Τ.
596 2404 612 2439 ι.
633 2404 656 2450 p.
671 2391 759 2440 487A.
788 2408 888 2438 κυανεων
905 2390 930 2440 Β.
967 2392 1112 2439 Χελιδονεῦν
1131 2394 1170 2439 καί

235 2457 350 2504 Κυανεῶν
370 2454 448 2502 Dran.

280 2521 361 2580 5312.
398 2521 487 2567 ἑαυτῶν
498 2519 564 2578 vulg.
580 2521 640 2567 ante
651 2517 757 2569 Bekker.
787 2522 864 2568 αυτῶν
874 2518 928 2583 (sie)
942 2518 966 2569 Β.

234 2671 294 2728 φασί
311 2670 337 2717 δὲ
358 2670 397 2717 καί
412 2667 493 2731 βωμόν
522 2670 612 2729 εἰρήνης
639 2669 678 2716 διὰ
729 2667 963 2730 sleph.Byz.ee11s
982 2668 1063 2730 them)
1082 2669 1117 2719 lle
1136 2671 1171 2718 off

233 2735 310 2782 ταῦτα
321 2735 374 2782 τοῦς
382 2735 520 2792 ’Δθηναίοος
528 2735 676 2794 ἱδρύσασθαι,
727 2731 771 2780 the
816 2733 921 2782 Sacrum
964 2734 1170 2783 Promontorium

234 2800 273 2846 καὶ
301 2799 412 2845 Καλλίαν
434 2800 475 2844 τὸν
494 2800 678 2858 πρεσβεύσαντα
725 2795 756 2843 in
787 2797 878 2858 Lycia;
910 2797 955 2846 tho
984 2799 1098 2860 Cyaneae
1133 2800 1171 2862 (or

233 2866 332 2922 τιμῆσαι
356 2860 520 2922 διαφερόντως.
554 2861 607 2909 The
626 2861 677 2908 last
728 2859 914 2922 Symplegades,
940 2876 969 2909 so
995 2862 1051 2909 well
1078 2863 1170 2911 known

233 2925 314 2973 worda
326 2940 368 2973 are
383 2925 510 2985 strangely
521 2926 548 2972 at
558 2925 677 2972 varianae
726 2924 794 2972 from
819 2925 862 2973 the
884 2925 981 2986 mythic
1002 2927 1130 2974 narrative
1145 2928 1171 2974 ol

232 2990 294 3037 wilh
305 2989 349 3037 the
360 2988 517 3037 traditiones
527 2988 677 3036 Demosthe·
726 2988 771 3036 the
790 2989 942 3050 Argonauta)
966 3004 1009 3037 are
1030 2989 1124 3039 situata
1141 2991 1170 3039 in

232 3069 286 3104 nea.
324 3054 385 3114 [For
393 3052 437 3101 ihe
444 3051 585 3101 discussion
596 3053 622 3100 ol
633 3053 677 3100 the
726 3052 771 3099 the
788 3052 896 3114 Euxine,
917 3055 944 3102 at
962 3053 1006 3101 the
1023 3053 1107 3102 North
1128 3069 1170 3102 en-

233 3117 352 3178 question
366 3116 450 3166 raised
461 3131 489 3165 aa
501 3119 528 3164 lo
538 3116 583 3164 the
601 3131 676 3177 genu·
726 3119 814 3164 tranee
839 3117 865 3164 oi
892 3117 936 3165 the
956 3116 1083 3165 Thracian
1109 3119 1170 3166 Bos-

232 3184 335 3230 ineness
354 3182 381 3229 ol
401 3181 453 3229 this
473 3181 608 3229 document
625 3182 677 3243 (see
726 3194 811 3241 poros,
822 3195 851 3228 or
862 3181 972 3229 ehannel
982 3182 1010 3229 oi
1026 3182 1170 3232 Constanti-

233 3245 412 3306 Theopompua
446 3260 485 3306 ap.
524 3245 673 3306 Harpocrat.
725 3245 807 3304 nople.

233 3311 350 3358 Ἀττικοῖς
371 3312 505 3371 γράμμασι)
523 3309 567 3357 lhe
589 3309 678 3357 reader
758 3309 906 3369 429.§311.
942 3308 1026 3370 μικροῦ
1040 3313 1083 3370 μὲν
1100 3313 1171 3361 ἀπέκ-

232 3373 256 3422 is
277 3373 388 3422 referred
408 3375 435 3420 to
458 3374 594 3431 Thirlwall,
619 3373 674 3424 Vol.
725 3389 803 3420 τειναν
825 3375 910 3433 κ.τ.λ.]
937 3373 988 3421 For
1009 3388 1025 3422 a
1046 3374 1171 3437 similarly

233 3452 273 3486 111.
296 3452 322 3499 p.
345 3439 385 3494 37,
408 3438 446 3495 38,
470 3437 556 3497 Grote,
580 3437 636 3485 Vol.
651 3450 675 3486 v.
725 3436 826 3484 worded
837 3440 955 3486 sentence
965 3451 1047 3500 comp,
1059 3439 1168 3492 Timon.

232 3517 257 3564 p.
269 3501 405 3558 455-462,
424 3500 472 3550 Ed
495 3503 518 3558 2,
540 3500 677 3550 Niebuhr's
726 3514 750 3562 p.
766 3502 900 3560 7435138.

232 3567 354 3615 Leotures
375 3579 410 3613 on
431 3565 539 3614 Anoient
561 3564 674 3626 History,
758 3566 834 3624 3313.
852 3567 1171 3630 τὴναῦτὴνείρήνηνκπλ]

232 3630 289 3681 Vol.
303 3645 332 3680 11.
346 3643 370 3690 p.
383 3629 406 3688 5,
422 3628 456 3690 6.]
495 3629 549 3677 The
563 3631 677 3677 Chelido-
727 3629 854 3691 “Having
872 3644 932 3678 seen
950 3630 1008 3678 that
1029 3631 1074 3679 the
1094 3645 1171 3692 penae

232 3697 292 3744 aiae
323 3695 425 3743 Ιιαιιῑαι
462 3693 500 3753 (or
526 3695 613 3756 πέτραι
648 3706 678 3744 αι
726 3695 1106 3758 αιελιιατιιιίιαι(τὴνοῠτήν>
1122 3694 1169 3744 hae
