2686 4142
384 197 444 261 DE
472 196 615 261 FALSA
643 197 903 264 LEGATIONE.
1049 201 1110 262 253

176 354 232 434 τὴν
255 351 376 418 δικαίαν
404 358 518 439 ψῆφον
545 351 623 439 ὑπὲρ
649 356 704 433 τῆς
733 354 883 437 πατρίδος
907 354 1020 420 θέσθαι
1043 353 1112 420 κατ’

176 453 285 539 ἀνδρὸς
304 452 346 534 te,
367 455 391 518 ὦ
409 459 450 536 «γῆ
469 454 522 520 καὶ
544 455 615 532 θεοί,
635 456 738 520 ἐκεῖνα
756 453 777 520 ἃ
797 456 961 538 διεξῆλθον
979 457 1012 520 έν
1029 456 1112 545 ἀρχῇ

176 554 438 640 δεδημηγορηκώς,
468 556 521 622 τὸν
547 558 742 642 Μαραθῶνα,
773 557 829 631 τὴν
858 553 1033 640 Σαλαμῖνα,
1056 558 1112 629 τὰς

176 653 290 740 μάχας,
314 653 354 718 τὰ
377 653 526 739 τρόπαια,
550 653 699 738 ἐξαίφνης
717 652 757 723 ὥς
777 654 879 735 ἐπέβη
905 653 1111 731 Μακεδονίας,

176 755 283 820 πάντα
293 753 443 820 τάναντία
454 753 574 825 τούτοις
586 755 685 838 ἔλεγε,
695 754 739 837 μὴ
751 754 913 839 προγόνων
923 757 1110 838 μεμνῆσθαι,

176 856 219 938 μὴ
236 857 374 943 τρόπαια
392 855 505 937 λέγειν,
522 856 565 939 μὴ
579 856 710 937 βοηθεῖν
729 857 846 938 μηδενί,
860 856 909 937 μὴ
929 860 1015 940 κοινῇ
1034 852 1115 936 μετα

177 961 239 1022 τῶν
251 957 417 1039 Ἑλλήνων
430 957 652 1037 βουλεύεσθαι,
670 960 765 1040 μόνον
785 958 821 1024 οὐ
840 959 984 1024 καθελεῖν
998 956 1039 1023 τὰ
1052 961 1112 1022 ‘rec'-

106 1084 123 1138 3
128 1077 162 1139 57
176 1085 228 1145 χη.
273 1061 375 1125 καίτοι
394 1060 512 1126 τούτοιν
531 1059 677 1148 αἰσχίους
696 1062 787 1143 λόχοι
805 1060 923 1132 οὐδένες
943 1059 1065 1126 πώποτ’
1081 1061 1114 1125 ἐν
1128 1082 1184 1136 312

177 1165 221 1247 τῷ
243 1163 340 1227 παντὶ
361 1163 466 1250 χρόνῳ
485 1162 635 1246 γεγόνασι
658 1163 733 1249 παρ’
753 1161 831 1246 ὑμῖν.
876 1165 923 1234 τίς
941 1163 1002 1247 γάρ
1025 1163 1114 1228 ἐστιν

176 1261 342 1344 Ἑλλήνων
364 1263 383 1344 ἢ
406 1265 584 1350 βαρβάρων
604 1262 684 1329 cliro
704 1263 814 1334 σκαιὸς
837 1264 890 1330 καὶ
910 1262 1039 1346 ἀνήκοος
1062 1262 1114 1329 καὶ

178 1469 256 1516 quam
278 1455 307 1503 in
328 1458 359 1505 τὰ
377 1457 450 1518 δεῦρο,
469 1456 537 1517 qnod
555 1455 617 1504 alibi
636 1455 738 1506 dicitur.
772 1455 847 1516 Apud
862 1456 995 1505 Platonem
1013 1470 1114 1518 semper

180 1527 272 1568 ιιιοιυιυ
284 1519 410 1580 significat
422 1520 537 1580 ἐνταυθοῖ,
550 1521 651 1581 praeter
665 1519 763 1567 Phileb.
774 1521 803 1566 15
815 1520 845 1577 A,
855 1522 880 1568 et
891 1535 936 1568 vn.
947 1520 1022 1581 Legg.
1036 1522 1083 1569 822
1093 1521 1112 1568 0

180 1583 240 1644 (nisi
250 1584 386 1644 utrobique
397 1583 499 1632 ἐνταῦθα
509 1583 701 1644 reponendum),
710 1598 771 1631 nam
783 1583 846 1631 alios
857 1585 926 1632 locos
937 1599 1000 1644 quos
1011 1584 1112 1645 collegit

178 1647 232 1696 Ast.
252 1647 337 1695 Lexic.
356 1648 379 1696 ei
395 1662 453 1696 vere
470 1647 591 1708 dispicias
607 1647 819 1708 significationem
833 1655 911 1696 ποιαι
926 1662 986 1708 prae
1005 1662 1032 1696 se
1047 1649 1111 1697 ferre

178 1711 253 1758 facile
261 1711 396 1772 intelligas.
432 1712 523 1772 Itaque
533 1711 607 1760 credo
618 1711 721 1758 initur.
732 1711 790 1772 Iph.
805 1711 834 1758 Τ.
846 1712 894 1760 984
904 1711 1008 1774 (31010
1018 1713 1111 1774 Diod.)

178 1774 341 1823 retinendum
359 1777 472 1832 ἐνταυθοῖ,
489 1777 515 1823 et
530 1789 588 1823 vere
601 1774 735 1822 tradidisse
752 1775 872 1824 Eustath.
888 1775 1108 1838 adOdyss.xv111.

180 1840 227 1887 104
237 1854 262 1900 p.
276 1840 348 1898 1839,
361 1840 391 1888 60
404 1841 552 1899 σημειοῦνται
564 1841 589 1888 δὲ
607 1842 628 1888 cl
643 1841 748 1897 παλαιοί,
769 1841 798 1890 ὡς
811 1841 839 1886 τό
851 1841 896 1898 μέν
913 1839 1023 1888 ἐνταυθοῖ
1033 1843 1077 1898 τὴν
1088 1840 1113 1888 ἐν

179 1905 246 1964 τόπῳ
261 1905 329 1965 [Leg.
349 1907 380 1954 εἰς
391 1907 470 1962 τόπον,
482 1903 522 1951 uti
538 1903 628 1952 suadet
638 1902 717 1951 totius
728 1903 777 1951 loci
788 1903 853 1950 ratio
865 1917 940 1963 quem
957 1903 1019 1951 citat
1034 1903 1112 1952 Dind.

179 1966 260 2019 Praei.
286 1969 355 2018 Pcet.
387 1968 458 2017 Soen.
484 1982 509 2028 p.
532 1968 601 2028 ω]
629 1969 749 2026 σημασίαν
770 1969 844 2026 δηλοῖ,
863 1970 891 2016 τδ
907 1969 934 2017 δὲ
951 1969 1054 2016 ἐνταῦθα
1075 1971 1114 2016 καὶ

178 2033 223 2090 τὴν
239 2035 263 2080 έν
273 2035 340 2092 τόπῳ
352 2035 390 2080 καὶ
407 2035 451 2090 την
464 2035 495 2080 εἰς
505 2032 586 2079 τόπον.
620 2031 780 2091 Quamquam
796 2032 871 2079 aliter
886 2031 1009 2093 praecipit
1020 2032 1112 2080 Ioann.

178 2095 247 2146 Alex
260 2111 285 2158 P·
293 2097 332 2155 36,
341 2098 355 2142 2
365 2099 471 2145 ἐνταῦθα
478 2098 522 2154 τὴν
529 2097 602 2154 αὐτην
608 2097 659 2156 ἔχει
670 2099 790 2154 σημασίαν
799 2098 834 2156 τῷ
842 2089 986 2156 ἐνταῦθα’τῷ
994 2101 1113 2157 πρωτοτό-

179 2177 217 2220 πῳ
228 2174 305 2221 quem
315 2160 405 2208 itidem
416 2159 520 2208 adduxit
531 2159 646 2208 Dindorl.
681 2160 731 2209 Sed
752 2160 860 2208 breviter
878 2164 904 2208 et
922 2161 1026 2208 obscure
1048 2160 1113 2208 dixit

178 2223 382 2274 Grammaticus:
400 2226 425 2272 et
440 2224 542 2272 videtur
559 2222 627 2271 idem
644 2227 743 2284 οὐδαμοῖ
756 2238 830 2285 posse
850 2227 955 2285 quictem
969 2224 1112 2284 significare

179 2287 285 2340 dixisse:
312 2289 397 2348 iteqne
421 2287 577 2348 corruptelae
597 2288 695 2348 aliquid
716 2289 820 2337 subesse
840 2291 1020 2349 puto—rte
1045 2288 1114 2352 (ante

179 2353 277 2416 δικαίαν)
297 2352 374 2400 eximi
394 2352 467 2414 jubet
489 2352 575 2401 (lebet.
599 2351 659 2400 Var.
681 2353 753 2400 Lect.
775 2367 801 2413 p.
825 2353 879 2402 118,
912 2351 970 2401 Vid.
993 2352 1027 2400 ad
1042 2356 1054 2412 ἓ
1071 2353 1110 2401 99.

178 2419 267 2475 ταύτην
280 2420 360 2479 ψῆφον
370 2417 400 2462 F.
412 2416 442 2476 Q.
458 2415 487 2464 Ο.
504 2430 524 2465 r.
539 2417 557 2464 t.
569 2429 595 2462 u.
608 2431 630 2465 v.
649 2416 717 2476 vulg.
736 2419 796 2463 ante
813 2416 1043 2477 Bursa—elme
1060 2429 1110 2463 om.

179 2479 205 2528 Β.
227 2479 255 2526 in
266 2497 306 2540 ηρ.
323 2479 420 2526 habent
436 2479 465 2526 F.
483 2479 513 2537 Q.
531 2492 581 2525 om.
598 2479 646 2528 En.
666 2480 756 2527 Turno.
773 2479 853 2526 Dran.
871 2479 955 2527 Vosn.
973 2480 1056 2528 Bnrr.
1079 2482 1109 2527 st.

179 2542 269 2590 “Vide
281 2542 431 2654 neverbisrm
451 2541 571 2590 debeatur
585 2542 791 2603 interpretanti.”
824 2543 933 2592 Seuius.
967 2543 1026 2591 Non
1041 2544 1113 2603 puto.

177 2633 242 2642 —
262 2609 374 2655 οθλεσθαι
406 2641 412 2653 .

226 2610 305 2731 §5357-
339 2670 412 2719 οὕτως
425 2670 502 2731 καιρός
520 2682 539 2716 s.
551 2684 577 2716 u.
612 2671 693 2718 σκαιὸς
710 2669 725 2728 ἢ
744 2671 840 2728 ἀνήκοος
857 2670 925 2730 vulg.
944 2670 1112 2718 entellum.

177 2733 426 2783 ProbatScusureu.
459 2731 536 2780 Dedit
547 2733 633 2781 Voss.
668 2732 718 2783 Sed
733 2733 1023 2782 nulluseBekkerianis
1035 2733 1113 2782 habet

176 2898 222 2954 τὴν
233 2893 318 2942 before
327 2895 426 2950 δικαίαν,
438 2905 465 2939 ae
477 2904 547 2940 some
558 2890 621 2940 omit
669 2894 731 2952 μεθα
749 2893 871 2955 προδόται.
899 2891 1040 2940 Aeschines
1061 2892 1113 2941 had

176 2959 198 3008 it
208 2958 463 3021 δειελ-ἑξαιφνης
474 2957 546 3018 ὡς...]
565 2956 622 3004 “As
669 2957 723 3004 also
734 2957 855 3019 probably
869 2956 922 3004 this
932 2956 1022 3017 charge
1032 2957 1061 3004 in
1070 2957 1112 3006 his

177 3037 240 3072 soen
255 3037 282 3070 as
293 3021 326 3069 he
336 3020 388 3068 hed
398 3020 506 3068 trodden
520 3036 554 3069 on
567 3021 620 3068 Ma·
668 3021 731 3070 view
739 3021 768 3069 in
778 3021 823 3069 the
834 3019 984 3080 concluding
995 3022 1113 3068 sentence

177 3087 300 3135 sedonisn
306 3082 430 3144 ground.''
462 3085 540 3133 Dobr.
552 3099 619 3134 com·
669 3086 696 3134 el
711 3085 769 3134 that
779 3100 839 3145 very
851 3085 981 3132 bistrtocic
1000 3083 1071 3145 pisce
1087 3086 1114 3132 ol

176 3164 250 3212 peres
268 3148 386 3197 Aeschin.
398 3148 469 3208 §152
486 3162 512 3208 p.
532 3149 563 3197 48
582 3149 619 3198 et.
669 3152 776 3210 oratory,
789 3148 819 3197 de
831 3148 921 3196 (toron.
931 3148 945 3206 ἓ
956 3149 987 3199 78
998 3163 1023 3209 p.
1036 3149 1065 3198 65
1074 3148 1111 3198 St.

181 3215 257 3264 :317
275 3214 306 3261 R.
331 3216 427 3274 οὐγὰρ
451 3213 620 3271 ὴΜακεδονία
674 3214 791 3263 ε47οΒ.
825 3215 872 3261 οὐδ’
888 3215 952 3263 ὅστις
971 3215 1034 3261 ἐστὶν
1056 3216 1114 3262 οἴκοι

177 3281 261 3329 κακοὺς
282 3278 298 3337 ἢ
324 3279 442 3338 χρηστοὺς
469 3279 538 3336 ποιεῖ,
563 3279 619 3325 ἀλλ’
670 3281 768 3338 φαῦλος,
780 3275 887 3326 οὐδέποτ’
899 3276 927 3335 ἦν
939 3275 964 3324 ε’ν
980 3278 1114 3337 Μακεδονίᾳ

178 3347 193 3402 η
213 3347 291 3404 φύσιν
309 3342 354 3392 οὐδ’
380 3344 451 3400 ἐσμὲν
468 3343 543 3404 ἕτεροί
559 3358 619 3390 τινες
671 3343 734 3390 κατὰ
747 3344 792 3400 τὴν
807 3343 936 3403 πρεσβείαν
953 3343 1024 3390 καλός
1038 3343 1114 3402 «dyc-

178 3408 271 3467 ἥκοντες
288 3409 336 3455 tut
349 3409 392 3465 τῆς
408 3408 543 3468 πρεσβείας,
564 3407 620 3454 ἀλλ’
672 3408 722 3455 θός·
746 3409 772 3453 οὐ
782 3407 830 3467 γὰρ
846 3408 887 3454 τόν
897 3406 985 3466 τρόπον
997 3407 1061 3453 ἀλλὰ
1073 3408 1114 3454 καὶ

179 3477 238 3520 οἵους
259 3470 502 3531 &leudastem-and
513 3474 525 3530 ἓ
537 3472 576 3527 23,
590 3470 621 3517 el
670 3473 712 3518 τὸν
723 3470 796 3518 τόπον
806 3467 877 3527 μόνον
887 3471 1042 3528 μετήλλαξεν.

183 3535 257 3584 :209
280 3534 392 3592 Ἀθήνησι
417 3535 460 3591 μὲν
480 3534 538 3593 ἦμεν
561 3537 620 3593 όξιοι
703 3533 782 3594 5³57.
800 3530 1114 3593 bixoos]“Unacqueint·

177 3600 450 3660 τῆςίμετέραςπίστεως
463 3635 510 3646 .....
514 3600 620 3648 ἐλθόντες
672 3596 703 3644 ed
722 3597 784 3645 with
805 3596 953 3646 traditione]
966 3595 1044 3657 lore,’'
1055 3595 1112 3652 i.e.‚

179 3668 199 3714 δ’
212 3666 243 3713 εἰς
260 3663 409 3712 Μακεδονίαν
423 3664 531 3724 ἐξαίφνης
543 3664 619 3723 ἐγενό-
672 3676 701 3710 as
728 3675 764 3710 we
792 3661 884 3710 should
910 3674 963 3722 say,
989 3674 1015 3708 ιο
1039 3673 1113 3708 υκαι-
