2716 4146
417 219 477 284 nu
506 219 647 284 rursu
674 217 936 284 uuerrrouu.
1084 217 1146 284 ιιι
1240 181 1242 189 ⁴

142 374 196 446 236
210 372 292 434 κεῖνο
315 373 471 448 σκοπεῖτε,
495 367 519 436 ὦ
541 369 650 454 ἄνδρες
671 368 826 435 δικασταί.
871 368 900 434 εἰ
913 367 1077 455 ἐκρινόμην
1089 369 1147 448 μὲν
1160 389 1218 441 214

210 471 279 550 ε’γω,
297 471 462 556 κατηγόρει
483 470 509 536 δ’
525 470 682 560 Αἰσχίνης
701 471 818 546 οὑτοσί,
840 472 1011 540 Φίλιππος
1028 469 1054 534 δ’
1072 469 1111 552 ἦν
1130 469 1147 534 ὁ

210 573 330 658 κρίνων,
343 571 397 638 εἴτ’
409 572 470 655 ἐγὼ
483 573 581 658 μηδὲν
595 575 678 661 ἔχων
693 575 790 641 εἰπεῖν
805 573 846 642 ὦς
861 573 917 641 οὐκ
932 571 1028 638 ἀδικῶ
1043 573 1147 642 κακῶς

210 675 321 757 ἔλεγον
336 677 460 741 τουτονὶ
482 676 536 742 καὶ
554 676 802 762 προπηλακίζειν
822 676 1011 764 ἐπεχείρουν,
1032 673 1088 740 οὐκ
1107 672 1147 739 ἂν

210 777 314 841 οἴεσθε
333 777 387 842 καὶ
408 777 477 843 κατ’
499 776 574 843 αὐτὸ
595 782 687 844 τοῦτο
712 779 931 861 ἀγανακτῆσαι
953 778 1006 843 τὸν
1025 777 1146 842 Φιλιπ-
1182 812 1184 822 ι

209 905 280 958 πον,
301 880 330 943 εἰ
350 879 425 964 παρ’
441 881 546 966 ἐκείνῳ
568 881 637 951 τοὺς
657 883 774 947 ἐκείνου
792 908 840 951 τις
861 880 1021 966 εὐεργέτας
1044 885 1146 952 κακῶς

208 981 297 1064 λέγοι
301 1007 309 1062 ;
324 981 367 1065 μὴ
383 982 486 1050 τοίνυν
500 983 585 1066 ὑμεῖς
598 984 723 1074 χείρους
735 982 870 1065 γένησθε
881 982 1058 1059 Φιλίππου,
1071 982 1145 1048 ἀλλ’

208 1181 232 1210 τι
240 1165 415 1224 ιἰιοεττοραιθιιί
423 1164 477 1213 vies
486 1165 608 1224 iungitur.
640 1164 791 1226 Quanquem
802 1165 890 1213 Herm.
901 1164 993 1226 Opueo.
1003 1179 1036 1214 rr.
1052 1166 1098 1215 129
1110 1166 1146 1228 [et

208 1226 293 1276 Cobet.
303 1227 361 1275 Ver.
370 1227 440 1276 Leot.
452 1242 477 1289 p.
488 1229 545 1291 105]
556 1229 630 1288 neget
639 1229 733 1277 (treeee
741 1228 791 1277 diei
798 1232 848 1290 έχω
858 1233 870 1278 θ
881 1246 905 1277 τι
915 1229 960 1288 φῶ,
978 1229 1067 1276 “Heeo
1076 1229 1145 1278 enim

207 1289 260 1350 jum
270 1305 323 1338 non
330 1290 485 1348 deliberatio,
492 1305 573 1353 neque
582 1292 760 1340 oonditionelis
769 1292 895 1340 sententie
902 1295 949 1350 ost,
958 1292 1041 1352 qualis
1049 1296 1089 1342 οὐκ
1097 1296 1146 1354 ἔχω

208 1357 253 1402 ὅτι
264 1357 310 1416 φιδ,
318 1354 362 1402 sed
371 1355 482 1405 finalis.”
500 1356 974 1416 Quedsresgoquidemveldedubito.
998 1357 1071 1406 Pluto
1078 1360 1144 1406 oerto

207 1417 293 1468 in10n
303 1420 349 1466 532
356 1419 375 1467 G
383 1419 525 1483 εῠτορῶδτι
531 1423 604 1480 λέγω,
610 1421 832 1483 ὄδΒΔευπορεΐδτι
841 1423 904 1482 εἱπη,
913 1421 985 1468 536Β
995 1419 1146 1482 εὑτορεῖςὸτι

207 1485 286 1543 λέγῃς.
308 1482 502 1532 Enimverosire
510 1483 567 1544 quis
575 1485 669 1543 εὐπορεῖ
676 1484 727 1532 sive
734 1484 791 1544 quie
799 1485 885 1548 άτορεΐ
892 1483 1067 1532 deliberationi
1074 1485 1145 1534 loeus

208 1548 254 1594 est.
288 1546 350 1606 Quis
361 1550 434 1607 neget
445 1551 469 1595 τί
484 1548 535 1607 φῶ,
552 1547 650 1609 εὔπορα
669 1547 764 1596 Gresoe
778 1547 843 1597 diei?
877 1549 966 1608 Iteque
978 1547 1039 1608 quid
1049 1548 1144 1597 mirum

208 1609 230 1656 si
242 1608 355 1673 εῠτοριθθ
366 1629 390 1659 τι
405 1613 444 1673 φῶ
451 1610 539 1660 itidem
552 1611 645 1660 Grseoo
656 1611 707 1660 diei
716 1611 813 1672 possit?
847 1613 970 1673 θυαετιτυ
982 1613 1042 1672 quid
1053 1614 1144 1670 dicam,

208 1675 284 1722 habeo
296 1676 361 1735 quod
372 1676 460 1724 dicam.
481 1675 597 1736 Xenopir
613 1675 748 1723 Oeconom.
760 1691 806 1724 vn.
818 1676 849 1724 20
861 1677 1093 1733 tervannensem
1105 1676 1143 1725 dv-

208 1741 309 1800 θρώποις
326 1740 384 1798 ἕξειν
399 1739 412 1786 δ’
429 1758 452 1787 τι
472 1741 620 1802 εἰσφέρωσιν.
656 1738 766 1787 Librarii
782 1754 836 1787 non
853 1742 992 1801 εἰσφέρωσιν
1010 1753 1056 1799 pro
1074 1743 1143 1789 εἰσοί-

208 1818 289 1850 σαυσιν
299 1802 452 1850 ineuioeturi
463 1805 536 1851 erunt
547 1803 592 1852 sed
603 1805 742 1864 εἰκάσωσιν,
756 1803 823 1864 quod
833 1803 900 1850 nulli
910 1803 998 1850 notius
1011 1805 1050 1851 est
1066 1817 1143 1864 quem

173 1878 176 1884 ’
209 1865 320 1914 Cobetio.
354 1867 441 1927 Neque
452 1869 533 1916 Anici·
544 1867 668 1915 sermonis
683 1867 824 1927 proprietas
838 1865 887 1914 heo
901 1865 930 1914 in
940 1881 968 1914 re
978 1866 1062 1926 agitur
1073 1872 1143 1926 (nem

207 1929 350 1990 Xenophon
361 1931 447 1978 minus
459 1933 542 1980 Attice
553 1931 659 1996 scribit),
671 1930 714 1978 sed
727 1933 879 1980 Graecimtie
889 1933 1027 1978 erismae.
1055 1931 1142 1993 Neque

207 2007 266 2042 vero
278 1993 301 2042 is
313 2009 370 2042 sum
382 1995 426 2056 qui
437 1998 492 2059 πρὶν
503 2009 523 2044 ε.
536 1998 590 2056 πρὶν
603 1997 631 2043 δν
642 2009 701 2042 oum
712 1994 873 2056 eonjunotivo
884 1993 988 2044 nonnisi
996 2009 1142 2056 ρταερτειια

207 2060 336 2119 mantione
353 2062 420 2107 reete
436 2059 551 2118 usurpari
567 2058 691 2106 affirmare
707 2058 821 2108 uudeern
859 2058 925 2108 Sene
938 2057 966 2105 in
982 2057 1059 2106 Arist.
1071 2059 1141 2107 Eooi.

209 2123 255 2174 769
267 2123 296 2169 A.
309 2125 339 2171 σδ
350 2126 370 2171 δ’
383 2122 408 2171 οὐ
419 2125 555 2171 καταθεῖναι
571 2124 669 2182 διανοεῖ;
686 2123 715 2172 Β.
730 2122 873 2183 φυλάξομαι,
888 2121 892 2188 Ι
907 2125 961 2183 πρὶν
977 2124 1006 2169 dv
1019 2124 1044 2183 γ’
1057 2125 1098 2172 lte
1114 2125 1143 2172 τὸ

209 2190 299 2245 πλῆθος
310 2187 323 2235 ὅ
334 2206 358 2235 τι
367 2187 512 2249 βουλεύεται,
527 2186 660 2246 φυλάξομαι
676 2189 810 2236 καταθεῖναι
819 2187 888 2234 idem
899 2186 952 2235 fere
962 2186 1028 2234 velet
1039 2187 1106 2248 quod
1117 2187 1143 2237 oti

209 2252 344 2309 καταθήσω.
379 2250 428 2298 Sed
444 2249 494 2298 vid.
508 2251 584 2300 Isoor.
602 2251 723 2311 Panegyr.
741 2265 764 2311 p.
780 2251 811 2298 44
828 2265 843 2299 e
860 2252 925 2300 ὅστις
941 2253 981 2298 οῦν
998 2254 1072 2299 olem
1088 2256 1143 2302 τοὺς

209 2318 295 2364 ἄλλους
311 2315 377 2374 κοινῇ
391 2333 416 2362 τι
432 2315 529 2376 πράξειν
542 2315 632 2378 ἀγαθάν
646 2319 700 2376 πρὶν
714 2317 742 2362 δν
756 2318 808 2365 τοὺς
823 2315 974 2377 προεστῶτας
991 2315 1067 2362 αὐτῶν
1077 2318 1141 2364 διαλ-

208 2380 278 2440 λάξῃ,
291 2383 346 2428 λέαν
356 2379 439 2427 ἁπλῶς
450 2381 500 2439 ἔχει
517 2382 555 2427 καὶ
572 2380 651 2441 τδρῤω
666 2382 713 2426 τιῦν
729 2379 878 2440 πραγμάτων
894 2381 965 2427 ἐστίν.
999 2379 1033 2426 At
1049 2379 1142 2428 dixerit

208 2443 335 2504 quispiam
345 2445 400 2492 tior
402 2481 459 2492 ......
464 2445 529 2491 ἐστὶν
539 2442 606 2490 idem
617 2442 685 2490 velet
696 2443 764 2502 quod
775 2441 856 2502 ιῖγνοεῖ
866 2457 886 2490 s.
899 2441 940 2491 οὐκ
953 2444 1026 2504 ὀρθῶς
1037 2445 1141 2502 ὑπολαμ-

207 2509 282 2570 βάνει.
310 2507 386 2555 Esto:
398 2521 487 2555 vorum
498 2505 559 2567 quid
569 2505 648 2554 feoies
659 2506 802 2554 Herodoteo
813 2506 869 2553 looo
879 2520 922 2554 vn.
933 2507 972 2565 10,
985 2509 1015 2556 7?
1043 2509 1142 2568 διαβολὴ

207 2572 256 2632 γάρ
265 2574 316 2620 έστι
328 2573 466 2620 δεινότατον·
478 2573 502 2620 έν
509 2572 541 2631 τῇ
550 2569 589 2618 δύο
599 2573 643 2627 μέν
654 2572 700 2617 εἰσι
711 2573 732 2618 el
743 2567 879 2630 α’δικέοντες,
890 2571 922 2618 εἲς
933 2571 959 2618 δέ
970 2569 1141 2627 δάδικεόμενος·

208 2638 222 2684 d
237 2638 342 2697 μὲνγὰρ
357 2633 493 2696 διαβάλλων
508 2634 601 2694 α’δικέει,
621 2633 647 2681 ου’
664 2635 791 2695 παρέοντος
807 2636 966 2695 κατηγορέων·
985 2636 1037 2683 ddi
1048 2633 1141 2692 α’δικέει,

208 2699 388 2757 ἀναπειθόμενος
399 2700 454 2758 πρὶν
466 2701 481 2758 ἡ
492 2698 608 2760 ἀτρεκέως
618 2697 718 2757 έκμάθη.
743 2697 794 2746 Ubi
805 2697 827 2744 si
838 2698 895 2757 quis
906 2698 1044 2759 διαβάλλων
1055 2698 1142 2746 α’δικέει

208 2763 275 2811 nihil
285 2763 355 2811 eiiud
366 2776 420 2810 esse
437 2776 513 2821 quem
529 2761 556 2810 οὐ
572 2763 658 2810 δίκαιός
674 2765 727 2810 ἐστι
742 2761 880 2823 διαβάλλειν
895 2761 1029 2823 putaverit,
1042 2776 1089 2809 neo
1100 2777 1141 2810 me

207 2842 290 2888 neque
301 2841 406 2876 sonsum
416 2825 594 2886 obsequentem
605 2824 716 2873 hebebit.

256 2941 333 3001 5236.
369 2917 521 2989 ideoiatmo
536 2938 561 2987 S.
578 2938 633 3000 [λθ.
650 2957 679 2989 ως
694 2939 743 2999 ουκ]
760 2941 820 2986 κατὰ
834 2937 907 2988 ταύτά
920 2941 989 2987 τοῦτο
1006 2937 1031 2988 S.
1045 2937 1142 2987 Y.-—-

209 3010 275 3068 λέγει
285 3007 314 3054 F.
328 3005 354 3055 S.
365 3004 395 3054 Y.
409 3003 437 3064 Q.
451 3004 480 3053 0.
494 3006 513 3052 t.
525 3019 550 3052 u.
564 3018 587 3052 v,
601 3003 666 3064 vulg.
681 3006 740 3052 unte
751 3003 843 3051 Rursu.

210 3169 372 3220 aeoertuined.
408 3171 478 3229 ἔγχεΐ
496 3166 596 3216 herois
611 3169 654 3230 se-
700 3169 853 3228 προπέμπετε
866 3164 871 3229 Ι
885 3167 960 3214 τοῖσιν
967 3165 1051 3214 τούτου
1059 3167 1142 3215 τοῦτον

211 3242 273 3292 ture,
290 3249 318 3282 as
334 3233 412 3281 Cobet
431 3232 525 3294 rightly
540 3231 654 3281 remarks
699 3235 802 3290 μέλεσιν,
834 3229 912 3278 Tuoit.
939 3230 1030 3278 Annei.
1056 3244 1084 3278 11.
1110 3230 1140 3278 35

210 3298 269 3346 Ver.
282 3298 350 3346 Leot.
361 3311 386 3357 p.
400 3297 455 3345 362.
699 3309 778 3355 eoque
797 3294 948 3341 conventum
966 3293 1055 3340 Iteiiee
1075 3295 1100 3342 et
1117 3296 1140 3342 ei

241 3365 253 3420 ἓ
274 3361 328 3412 236.
365 3364 385 3408 εἰ
411 3361 468 3420 παρ’
496 3362 575 3420 ἐκεινῳ
600 3361 654 3408 τοὺς
699 3357 839 3406 adfluentes
860 3356 1002 3417 provincius
1024 3371 1139 3416 pressen-

210 3425 337 3486 ἐκείνου...]
356 3425 422 3472 ‘¹‘If
438 3425 466 3471 in
478 3425 584 3485 Philip’e
598 3438 653 3482 pre·
697 3422 749 3470 tius
770 3423 822 3482 ejus
842 3419 965 3469 servande
984 3420 1083 3469 dioebet
1102 3421 1140 3483 (es

212 3503 285 3538 senos
302 3502 349 3535 one
366 3487 458 3536 should
474 3487 575 3538 slsnder
590 3488 651 3535 Pti-
697 3484 833 3533 Wulther’s
845 3487 917 3533 eouto
933 3484 1077 3546 perception
1093 3483 1140 3532 hes

211 3554 267 3614 ltp'e
282 3552 456 3600 benefactore)
474 3551 580 3599 Advorte
595 3564 652 3611 pro·
698 3549 809 3598 restored
820 3548 864 3598 tho
879 3548 922 3597 oid
937 3548 1057 3609 reading),
1071 3548 1136 3598 Ann.

210 3615 324 3665 nominis
335 3614 521 3663 iterationem.”
542 3615 648 3664 Scnrnr.
697 3615 763 3662 πθ
787 3613 906 3673 rogitans,
933 3613 995 3673 quid
1018 3612 1058 3659 illi
1082 3625 1140 3659 oum

210 3682 334 3741 Compare
355 3678 480 3739 Aristoph.
503 3679 566 3727 Ren.
588 3679 651 3727 1525
697 3677 837 3726 militibus?
849 3691 912 3738 quos
923 3690 1006 3738 neque
1017 3675 1085 3724 diota
1095 3678 1139 3724 im·
