2644 4156
223 185 264 249 32
530 174 848 244 DEMOSTHENIS

222 337 263 408 ὦς
288 336 412 417 ἀληθῶς
437 333 479 400 τό
503 332 711 419 πεπραγμένα
735 335 845 396 πᾶσιν·
876 331 904 398 εἰ
926 330 952 396 δ’
977 331 1009 397 οἱ
1034 333 1092 414 μὲν
1116 333 1159 400 τὰ

222 437 327 503 δίκαια
346 437 503 516 ἔπραττον
522 434 617 516 ἡμῶν,
634 434 666 499 οἱ
682 434 715 498 δὲ
729 433 889 514 τάναντία,
906 434 958 499 διὰ
971 434 1042 503 τοὺς
1056 460 1157 500 πεπο-

222 538 430 624 νηρευμένους,
455 537 494 607 ὥς
516 538 606 615 έοικε,
628 541 694 606 τοῖς
716 535 867 600 ἐπιεικέσι
890 534 1094 617 συμβεβηκὸς
1116 533 1156 599 δν

170 661 206 717 33
221 643 267 721 εἴη
283 641 397 719 ταύτης
412 643 466 719 τῆς
481 638 607 721 ἀτιμίας
621 636 859 725 μετεσχηκέναι.
896 640 963 708 πῶς
977 635 1030 702 οὖν
1043 637 1156 724 ῥᾳδίως
1169 659 1210 716 37

220 745 337 815 πάντες
356 743 481 810 εἴσεσθε
500 743 546 812 τίς
560 741 632 808 ποτ’
648 740 714 806 ἔσθ’
730 741 912 828 ὃπονηρός;
936 741 1156 824 ἀναμνήσθητε

220 844 295 932 παρ’
310 845 382 928 ύμῖν
404 843 507 914 αὐτοῖς
529 847 575 915 τίς
598 844 664 909 ἐσθ’
687 843 704 906 ό
726 847 908 930 κατηγορῶν
929 848 991 909 τῶν
1013 870 1156 928 πεπραγ·

219 947 321 1033 μένων
344 950 379 1032 ἐξ
401 948 509 1038 α’ρχής.
554 947 650 1028 δήλου
675 946 736 1030 γὰρ
762 945 810 1012 ότι
835 950 880 1034 τῷ
907 949 965 1029 μὲν
993 946 1156 1028 ἠδικηκότι

55 1017 93 1131 ’lsi
220 1055 316 1134 σιγᾶν
334 1051 456 1138 ἐξήρκει
476 1049 528 1114 καὶ
548 1047 803 1150 διακρουσαμένῳ
817 1047 870 1112 τὸν
884 1047 1027 1134 πορόντα
1040 1047 1155 1136 χρόνον

220 1151 327 1234 μηκέτ’
344 1152 386 1221 είς
407 1150 505 1233 λόγον
525 1150 598 1235 περὶ
618 1152 679 1213 τῶν
697 1149 926 1232 πεπραγμένων
945 1148 1054 1214 ἑαυτὸν
1068 1148 1155 1213 καθι-

221 1255 405 1340 στόνοι,τῴ
426 1254 459 1318 δὲ
479 1251 576 1334 μηδὲν
598 1253 699 1338 ἑαυτῷ
718 1251 873 1316 συνειδότι
893 1249 990 1316 δεινόν
1008 1250 1112 1334 είσήει,
1129 1250 1157 1314 ει’

221 1356 328 1421 δεινῶν
346 1355 400 1420 καὶ
419 1358 563 1440 πονηρῶν
584 1355 684 1441 ἔργων
703 1352 784 1435 δόξει
804 1359 958 1419 κοινωνεῖν
973 1355 1018 1438 τῷ
1033 1357 1155 1432 σιωπῆ-

222 1484 285 1522 σαι.
329 1457 392 1538 εἰμὶ
414 1456 547 1522 salvavi
567 1458 748 1540 κατηγορῶν
770 1456 806 1536 ἐξ
825 1452 926 1542 ἀρχῆς
947 1453 1007 1537 ἐγεδ
1027 1451 1154 1530 τούτων,

76 1719 97 1766 ᾗ
171 1686 209 1740 34
284 1657 329 1722 Ἡ
350 1657 408 1739 μὲν
429 1659 533 1723 τοίνυν
554 1656 658 1737 βουλή
676 1662 778 1722 ταῦτα
797 1652 1077 1739 προβεβουλεύκει·
1100 1659 1155 1739 τῆς
1167 1669 1208 1740 38

33 1747 92 1856 ψ’.
168 1805 173 1820 .
222 1755 248 1821 δ’
263 1757 434 1837 ἐκκλησίας
455 1757 636 1839 γιγνομένης
658 1759 711 1822 καὶ
733 1761 789 1822 τοῦ
810 1758 979 1822 Φιλίππου
1000 1754 1155 1842 παρόντος

222 1860 255 1948 ἐν
277 1858 400 1928 Πύλαις
421 1857 560 1941 ήδη-ῗήν
581 1858 642 1942 γὰρ
664 1861 756 1923 τοῦτο
777 1861 903 1943 πρῶτον
924 1854 1072 1921 ἁπάντων
1093 1861 1155 1922 τῶν

272 2025 285 2082 5
303 2023 342 2072 37·
375 2022 405 2070 δν
416 2023 475 2068 aute
487 2020 654 2080 ἀναμνήσθητε
671 2020 714 2082 (su.
733 2020 908 2084 α’ναμνησδῆτε)
933 2020 1078 2069 dubitanter
1096 2018 1155 2068 addi

223 2087 279 2135 vult
289 2086 370 2134 Dosa.
403 2085 490 2145 Neque
501 2084 528 2133 h.
541 2085 557 2133 l.
570 2099 634 2145 opus
649 2088 688 2132 est
699 2085 785 2133 addita
793 2085 925 2146 particula,
941 2099 1023 2144 neque
1035 2099 1103 2145 supr.
1116 2087 1127 2143 ἓ
1139 2085 1154 2130 4

223 2150 454 2198 deleta—lavor
481 2149 554 2210 εἰσῄει
579 2151 609 2210 εί]
645 2149 686 2197 Ita
712 2148 795 2196 Bnnn.
823 2149 870 2197 loo.
898 2148 1000 2196 refinxit
1022 2147 1054 2196 ad
1077 2147 1153 2196 Codd.

224 2214 250 2264 Β.
263 2214 290 2274 Q.
305 2213 408 2262 ηαδ).
452 2211 528 2276 είσῃέι
545 2212 599 2260 sine
619 2215 640 2260 εἰ
661 2211 701 2260 Al.
735 2213 818 2260 Celeri
835 2212 893 2260 libri
915 2210 936 2260 εί
956 2211 1042 2272 σιγῴη.
1070 2211 1154 2259 Locus

223 2276 421 2326 emendatricem
428 2291 535 2324 manum
546 2276 694 2324 etiamnunc
704 2276 805 2324 videtur
821 2276 971 2333 desiderare,
985 2275 1053 2336 quod
1072 2275 1155 2334 arguit

223 2342 300 2390 etlam
312 2355 370 2387 oum
384 2342 479 2400 transp.
492 2343 599 2400 πονηρῶν
609 2344 647 2389 καὶ
659 2341 737 2389 δεινῶν
751 2340 780 2389 F.
793 2341 823 2401 Q.
833 2340 862 2389 Ο.
874 2355 895 2388 r.
908 2342 926 2388 t.
939 2355 964 2388 u.
976 2355 999 2389 v.
1014 2353 1072 2386 oum
1090 2338 1158 2399 quod

223 2405 256 2456 al.
268 2404 327 2452 libri
339 2405 396 2464 δόξα
407 2419 427 2452 s.
438 2404 510 2464 δόξαι.
544 2406 594 2466 [An
605 2424 628 2452 τι
640 2408 714 2453 δεινὸν
723 2406 744 2465 l]

272 2472 286 2529 ἕ
303 2470 341 2518 38.
378 2467 589 2532 προύβεβουλεύκει
599 2467 787 2516 Venia—Ab
801 2465 830 2528 ἣν
846 2467 878 2516 ad
894 2466 986 2516 τούτοις
1004 2465 1110 2529 [τούτους
1126 2480 1158 2513 ex

224 2533 301 2594 oonj.]
320 2531 400 2592 signis
419 2532 599 2593 parentheseos
615 2531 720 2579 inclusit
739 2531 831 2580 Raisn.
846 2531 889 2593 [ab
907 2527 935 2590 ἦν
956 2531 989 2580 ad
1007 2529 1157 2590 ἀδικημάτων

224 2597 321 2657 vomu]
349 2596 431 2644 Idem.
444 2610 496 2643 om.
509 2599 548 2644 καὶ
564 2598 589 2644 et
603 2598 661 2656 post
673 2595 764 2644 ἀκούειν
782 2595 838 2646 add.
854 2600 941 2654 συνέβη
957 2595 1024 2654 quod
1043 2594 1101 2642 hab.
1115 2594 1154 2642 Αἱ

224 2659 482 2722 etmarg.1eo.0.et
500 2674 569 2720 supr.
587 2673 690 2707 versum
707 2673 755 2709 reo.
776 2659 928 2722 Ικ.--χρῆν
944 2660 1027 2707 Banu.
1046 2658 1090 2706 sed
1108 2660 1156 2719 χρὴ

223 2811 383 2861 mosthenem
394 2811 489 2872 pariter
500 2809 610 2860 oaruisse
621 2809 666 2858 ho·
715 2810 744 2858 in
756 2810 882 2858 shameful
898 2810 949 2859 ond
962 2810 1056 2859 wiokad
1067 2810 1157 2858 orimes

224 2891 285 2926 nore
296 2877 338 2925 τοῦ
349 2894 377 2924 τε
391 2878 487 2924 ἐπαίνου
499 2878 536 2923 καὶ
553 2877 595 2934 τῆς
610 2873 666 2934 κλή-
716 2874 801 2934 byhis
814 2875 934 2924 silenoe.”
968 2873 1047 2922 utne
1063 2877 1116 2922 text
1133 2875 1156 2922 is

224 2943 307 2990 σεωε.”
341 2939 484 2990 Bonisana.
716 2938 785 2998 right
798 2939 939 2987 δεινὸνδοεε
956 2940 1001 2986 not
1019 2938 1110 2999 belong
1128 2940 1156 2986 to

255 3005 323 3063 537.
356 3003 544 3066 διακρουσαμένῳ
581 3003 667 3064 κ.τ.λ.]
717 3002 837 3052 συνειδότι.
892 3003 938 3052 See
960 3003 1039 3051 below
1060 3016 1083 3063 p.
1109 3003 1156 3051 408

225 3067 311 3128 Oomp.
340 3081 355 3116 a
383 3067 480 3115 similar
506 3080 612 3128 passage
638 3066 666 3113 in
716 3068 787 3126 §237
805 3069 831 3115 ἐκ
849 3069 893 3116 τοῦ
906 3069 979 3126 μηδὲν
993 3069 1088 3126 ἐμαυτῷ
1104 3084 1156 3115 συν·

224 3131 285 3181 Mid.
300 3145 324 3191 p.
343 3132 458 3191 523527
479 3131 608 3192 φεύγοντος
623 3133 666 3188 μέν
717 3133 801 3179 ειδέναι
828 3132 866 3193 (so
894 3131 998 3190 Bekker,
1038 3129 1158 3190 omitting

224 3195 349 3257 γὰροῖμαι
368 3197 407 3244 καὶ
424 3196 596 3254 ἠδικηκότος
615 3197 667 3243 ἐστὶ
716 3192 804 3254 δεινόν).

224 3261 253 3307 τὸ
269 3260 310 3307 τδν
327 3260 453 3320 παρόντα
470 3261 557 3321 τρόπον
571 3261 613 3307 τοῦ
633 3260 667 3317 μή
748 3260 810 3316 ξ38.
843 3260 872 3307 τό
896 3261 937 3308 τὸν
963 3260 1082 3306 Φίλιππον
1086 3297 1143 3306 ......
1146 3259 1156 3318 ]

225 3325 302 3371 δοῦναι
338 3325 403 3380 δίκην
442 3324 667 3385 διακρουόμενον
717 3327 732 3351 “
742 3322 809 3370 Thai
825 3322 887 3384 they
900 3322 992 3370 should
1011 3325 1050 3370 set
1071 3321 1156 3382 Philip

225 3387 507 3446 κτλ-τῷδὲμηδέν
511 3425 568 3436 ......
572 3385 667 3448 ]“But
716 3398 751 3433 on
773 3401 788 3434 a
810 3385 907 3434 sudden
926 3388 952 3434 al
973 3386 1018 3433 tho
1042 3385 1108 3434 head
1130 3386 1157 3432 ol

225 3464 273 3498 ono
294 3450 350 3498 who
366 3463 417 3498 was
439 3450 570 3498 oonsolous
591 3451 618 3497 of
633 3464 667 3498 no
717 3450 812 3507 affairs,
829 3449 887 3509 and,
909 3449 982 3497 when
1001 3449 1023 3497 it
1044 3462 1095 3497 was
1117 3449 1157 3496 for

224 3528 309 3574 wrong
326 3513 348 3561 it
364 3513 451 3561 struok
467 3528 495 3562 aa
513 3515 666 3571 monstrous,
716 3527 780 3575 your
791 3513 1021 3573 advantage...—at
1039 3527 1087 3561 one
1106 3511 1158 3561 and

225 3577 247 3626 if
252 3577 285 3626 he
295 3577 387 3626 should
397 3578 431 3626 lio
443 3576 525 3625 undar
533 3576 577 3625 the
583 3576 666 3637 impu·
716 3577 762 3625 the
777 3591 846 3625 sama
865 3579 979 3625 moment
993 3591 1044 3639 you
1065 3575 1157 3625 should

226 3642 308 3692 tation
331 3641 358 3690 of
373 3641 448 3702 being
464 3654 498 3690 an
516 3641 668 3701 aooomplioe
716 3640 778 3690 hear
789 3641 815 3690 ol
831 3641 938 3702 Philip‘s
956 3641 1056 3702 snivai,
1068 3639 1119 3688 and
1135 3639 1157 3688 it
