<?xml version="1.0" encoding="UTF-8"?>
<!DOCTYPE html PUBLIC "-//W3C//DTD XHTML 1.0 Transitional//EN"
    "http://www.w3.org/TR/xhtml1/DTD/xhtml1-transitional.dtd">
<html xmlns="http://www.w3.org/1999/xhtml" xml:lang="en" lang="en">
 <head>
  <title>
</title>
<meta http-equiv="Content-Type" content="text/html;charset=utf-8" />
  <meta name='ocr-system' content='tesseract 3.04.00' />
  <meta name='ocr-capabilities' content='ocr_page ocr_carea ocr_par ocr_line ocrx_word'/>
</head>
<body>
  <div class='ocr_page' id='page_1' title='image "./demosthenisdefa00shilgoog_0022.png"; bbox 0 0 2644 4156; ppageno 0'>
   <div class='ocr_carea' id='block_1_1' title="bbox 289 787 938 882">
    <p class='ocr_par' dir='ltr' id='par_1_1' title="bbox 289 787 938 882">
     <span class='ocr_line' id='line_1_1' title="bbox 289 787 938 882; baseline 0.003 -4"><span class='ocrx_word' id='word_1_1' title='bbox 289 787 938 882; x_wconf 82' lang='grc' dir='ltr'><strong>ΔΗΜΟΣΘΕΝΟΥΣ</strong></span> 
     </span>
    </p>
   </div>
   <div class='ocr_carea' id='block_1_2' title="bbox 526 975 702 1018">
    <p class='ocr_par' dir='ltr' id='par_1_2' title="bbox 526 975 702 1018">
     <span class='ocr_line' id='line_1_2' title="bbox 526 975 702 1018; baseline 0.017 -3"><span class='ocrx_word' id='word_1_2' title='bbox 526 977 544 1015; x_wconf 95' lang='grc'><strong>0</strong></span> <span class='ocrx_word' id='word_1_3' title='bbox 561 978 630 1016; x_wconf 75' lang='grc' dir='ltr'><strong>ΠΕΡΙ</strong></span> <span class='ocrx_word' id='word_1_4' title='bbox 646 975 702 1018; x_wconf 79' lang='grc' dir='ltr'>ΤΗΣ</span> 
     </span>
    </p>
   </div>
   <div class='ocr_carea' id='block_1_3' title="bbox 363 1119 856 1348">
    <p class='ocr_par' dir='ltr' id='par_1_3' title="bbox 363 1119 856 1348">
     <span class='ocr_line' id='line_1_3' title="bbox 363 1119 856 1194; baseline -0.004 -2"><span class='ocrx_word' id='word_1_5' title='bbox 363 1119 856 1194; x_wconf 84' lang='grc' dir='ltr'><strong>ΠΑΡΑΠΡΕΣΒΕΙΑΣ</strong></span> 
     </span>
     <span class='ocr_line' id='line_1_4' title="bbox 530 1276 689 1348; baseline 0 -2"><span class='ocrx_word' id='word_1_6' title='bbox 530 1276 689 1348; x_wconf 82' lang='grc' dir='ltr'><strong>ΛΟΓΟΣ.</strong></span> 
     </span>
    </p>
   </div>
   <div class='ocr_carea' id='block_1_4' title="bbox 358 1567 866 1637">
    <p class='ocr_par' dir='ltr' id='par_1_4' title="bbox 358 1567 866 1637">
     <span class='ocr_line' id='line_1_5' title="bbox 358 1567 866 1637; baseline -0.006 0"><span class='ocrx_word' id='word_1_7' title='bbox 358 1571 585 1637; x_wconf 80' lang='grc' dir='ltr'><strong>ΛΙΒΑΝΙΟΤ</strong></span> <span class='ocrx_word' id='word_1_8' title='bbox 614 1567 866 1637; x_wconf 65' lang='grc' dir='ltr'>’ΤΠΟΘΕΣΙΣ</span> 
     </span>
    </p>
   </div>
   <div class='ocr_carea' id='block_1_5' title="bbox 146 1715 1093 3615">
    <p class='ocr_par' dir='ltr' id='par_1_5' title="bbox 146 1715 1092 3336">
     <span class='ocr_line' id='line_1_6' title="bbox 182 1715 1084 1806; baseline -0.002 -22"><span class='ocrx_word' id='word_1_9' title='bbox 182 1727 186 1746; x_wconf 90' lang='grc'>’</span> <span class='ocrx_word' id='word_1_10' title='bbox 211 1717 431 1792; x_wconf 85' lang='grc' dir='ltr'>ΑΙΣΧΙΝΗΣ</span> <span class='ocrx_word' id='word_1_11' title='bbox 452 1719 490 1802; x_wconf 81' lang='grc' dir='ltr'>ἦν</span> <span class='ocrx_word' id='word_1_12' title='bbox 510 1719 587 1806; x_wconf 81' lang='grc' dir='ltr'>ἀνὴρ</span> <span class='ocrx_word' id='word_1_13' title='bbox 607 1719 780 1798; x_wconf 86' lang='grc' dir='ltr'>Ἀθηναῖος,</span> <span class='ocrx_word' id='word_1_14' title='bbox 801 1719 864 1789; x_wconf 83' lang='grc' dir='ltr'>υἱὸς</span> <span class='ocrx_word' id='word_1_15' title='bbox 888 1715 1084 1803; x_wconf 79' lang='grc' dir='ltr'>Ἀτρομήτου</span> 
     </span>
     <span class='ocr_line' id='line_1_7' title="bbox 147 1818 1084 1907; baseline -0.003 -21"><span class='ocrx_word' id='word_1_16' title='bbox 147 1821 200 1886; x_wconf 85' lang='grc' dir='ltr'>καὶ</span> <span class='ocrx_word' id='word_1_17' title='bbox 222 1821 429 1900; x_wconf 80' lang='grc' dir='ltr'>Γλαυκοθέας,</span> <span class='ocrx_word' id='word_1_18' title='bbox 453 1821 638 1907; x_wconf 77' lang='grc' dir='ltr'>ἀμφοτέρων</span> <span class='ocrx_word' id='word_1_19' title='bbox 662 1819 787 1904; x_wconf 81' lang='grc' dir='ltr'>ἀδόξων,</span> <span class='ocrx_word' id='word_1_20' title='bbox 815 1818 855 1890; x_wconf 82' lang='grc' dir='ltr'>ὥς</span> <span class='ocrx_word' id='word_1_21' title='bbox 875 1825 957 1906; x_wconf 79' lang='grc' dir='ltr'>φησι</span> <span class='ocrx_word' id='word_1_22' title='bbox 977 1823 1084 1902; x_wconf 87' lang='grc' dir='ltr'>Δημο-</span> 
     </span>
     <span class='ocr_line' id='line_1_8' title="bbox 147 1919 1085 2008; baseline -0.003 -21"><span class='ocrx_word' id='word_1_23' title='bbox 147 1923 267 2003; x_wconf 88' lang='grc' dir='ltr'>σθένης·</span> <span class='ocrx_word' id='word_1_24' title='bbox 297 1927 350 1989; x_wconf 91' lang='grc' dir='ltr'>τὸν</span> <span class='ocrx_word' id='word_1_25' title='bbox 371 1924 429 2006; x_wconf 82' lang='grc' dir='ltr'>μὲν</span> <span class='ocrx_word' id='word_1_26' title='bbox 449 1924 512 2008; x_wconf 71' lang='grc' dir='ltr'>ιγὰρ</span> <span class='ocrx_word' id='word_1_27' title='bbox 532 1923 706 2008; x_wconf 71' lang='grc' dir='ltr'>γράμματα</span> <span class='ocrx_word' id='word_1_28' title='bbox 734 1921 934 2002; x_wconf 82' lang='grc' dir='ltr'>διδάσκοντα,</span> <span class='ocrx_word' id='word_1_29' title='bbox 965 1920 1023 2002; x_wconf 88' lang='grc' dir='ltr'>τήν</span> <span class='ocrx_word' id='word_1_30' title='bbox 1052 1919 1085 1984; x_wconf 88' lang='grc' dir='ltr'>δὲ</span> 
     </span>
     <span class='ocr_line' id='line_1_9' title="bbox 146 2023 1085 2111; baseline -0.001 -22"><span class='ocrx_word' id='word_1_31' title='bbox 146 2026 361 2111; x_wconf 86' lang='grc' dir='ltr'>καθαίρουσαν</span> <span class='ocrx_word' id='word_1_32' title='bbox 375 2027 428 2091; x_wconf 83' lang='grc' dir='ltr'>καὶ</span> <span class='ocrx_word' id='word_1_33' title='bbox 443 2025 573 2095; x_wconf 86' lang='grc' dir='ltr'>τελετάς</span> <span class='ocrx_word' id='word_1_34' title='bbox 587 2052 672 2096; x_wconf 85' lang='grc' dir='ltr'>τινας</span> <span class='ocrx_word' id='word_1_35' title='bbox 686 2025 722 2091; x_wconf 81' lang='grc' dir='ltr'>οὐ</span> <span class='ocrx_word' id='word_1_36' title='bbox 738 2024 914 2095; x_wconf 77' lang='grc' dir='ltr'>σπουδαίας</span> <span class='ocrx_word' id='word_1_37' title='bbox 929 2023 1085 2091; x_wconf 73' lang='grc' dir='ltr'>τελοῦσαν</span> 
     </span>
     <span class='ocr_line' id='line_1_10' title="bbox 148 2126 1086 2214; baseline 0.004 -22"><span class='ocrx_word' id='word_1_38' title='bbox 148 2133 230 2213; x_wconf 85' lang='grc' dir='ltr'>φησι</span> <span class='ocrx_word' id='word_1_39' title='bbox 252 2127 381 2208; x_wconf 51' lang='grc' dir='ltr'>διαζήνι·</span> <span class='ocrx_word' id='word_1_40' title='bbox 403 2127 616 2211; x_wconf 78' lang='grc' dir='ltr'>παραδέδοται</span> <span class='ocrx_word' id='word_1_41' title='bbox 639 2127 748 2193; x_wconf 82' lang='grc' dir='ltr'>δὲκαὶ</span> <span class='ocrx_word' id='word_1_42' title='bbox 773 2126 864 2198; x_wconf 77' lang='grc' dir='ltr'>αὐτὸς</span> <span class='ocrx_word' id='word_1_43' title='bbox 888 2126 905 2191; x_wconf 87' lang='grc' dir='ltr'><strong><em>ὁ</em></strong></span> <span class='ocrx_word' id='word_1_44' title='bbox 929 2127 1086 2214; x_wconf 75' lang='grc' dir='ltr'>Αἰσχίνης</span> 
     </span>
     <span class='ocr_line' id='line_1_11' title="bbox 148 2228 1086 2317; baseline 0.007 -25"><span class='ocrx_word' id='word_1_45' title='bbox 148 2228 329 2313; x_wconf 76' lang='grc' dir='ltr'>τραγῳδιῶν</span> <span class='ocrx_word' id='word_1_46' title='bbox 343 2255 377 2294; x_wconf 90' lang='grc' dir='ltr'>τε</span> <span class='ocrx_word' id='word_1_47' title='bbox 391 2229 561 2317; x_wconf 84' lang='grc' dir='ltr'>ὑποκριτής</span> <span class='ocrx_word' id='word_1_48' title='bbox 575 2229 735 2312; x_wconf 70' lang='grc' dir='ltr'>γενόμενος</span> <span class='ocrx_word' id='word_1_49' title='bbox 750 2230 803 2295; x_wconf 87' lang='grc' dir='ltr'>καὶ</span> <span class='ocrx_word' id='word_1_50' title='bbox 816 2228 1017 2317; x_wconf 72' lang='grc' dir='ltr'>γραμματεὺς</span> <span class='ocrx_word' id='word_1_51' title='bbox 1031 2233 1086 2309; x_wconf 72' lang='grc' dir='ltr'>τῆς</span> 
     </span>
     <span class='ocr_line' id='line_1_12' title="bbox 148 2329 1086 2419; baseline -0.003 -23"><span class='ocrx_word' id='word_1_52' title='bbox 148 2329 279 2412; x_wconf 85' lang='grc' dir='ltr'>πόλεως,</span> <span class='ocrx_word' id='word_1_53' title='bbox 303 2329 371 2414; x_wconf 85' lang='grc' dir='ltr'>ήτις</span> <span class='ocrx_word' id='word_1_54' title='bbox 393 2329 433 2413; x_wconf 85' lang='grc' dir='ltr'>ἦν</span> <span class='ocrx_word' id='word_1_55' title='bbox 458 2331 585 2414; x_wconf 81' lang='grc' dir='ltr'>εὐτελής</span> <span class='ocrx_word' id='word_1_56' title='bbox 610 2331 776 2419; x_wconf 82' lang='grc' dir='ltr'>ὑπηρεσία.</span> <span class='ocrx_word' id='word_1_57' title='bbox 821 2331 953 2418; x_wconf 68' lang='grc' dir='ltr'>ὕστερον</span> <span class='ocrx_word' id='word_1_58' title='bbox 980 2329 1086 2413; x_wconf 92' lang='grc' dir='ltr'>μέντοι</span> 
     </span>
     <span class='ocr_line' id='line_1_13' title="bbox 148 2430 1087 2520; baseline 0.003 -23"><span class='ocrx_word' id='word_1_59' title='bbox 148 2435 210 2502; x_wconf 77' lang='grc' dir='ltr'>τῶν</span> <span class='ocrx_word' id='word_1_60' title='bbox 233 2431 374 2520; x_wconf 84' lang='grc' dir='ltr'>ῥητόρων</span> <span class='ocrx_word' id='word_1_61' title='bbox 397 2433 440 2506; x_wconf 85' lang='grc' dir='ltr'>εἰς</span> <span class='ocrx_word' id='word_1_62' title='bbox 464 2433 592 2517; x_wconf 73' lang='grc' dir='ltr'>ἐγένετο,</span> <span class='ocrx_word' id='word_1_63' title='bbox 616 2433 671 2499; x_wconf 85' lang='grc' dir='ltr'>καί</span> <span class='ocrx_word' id='word_1_64' title='bbox 693 2433 766 2518; x_wconf 81' lang='grc' dir='ltr'>περὶ</span> <span class='ocrx_word' id='word_1_65' title='bbox 787 2436 842 2513; x_wconf 81' lang='grc' dir='ltr'>τῆς</span> <span class='ocrx_word' id='word_1_66' title='bbox 868 2431 988 2518; x_wconf 86' lang='grc' dir='ltr'>εἰρήνης</span> <span class='ocrx_word' id='word_1_67' title='bbox 1009 2430 1087 2518; x_wconf 83' lang='grc' dir='ltr'>πρὸς</span> 
     </span>
     <span class='ocr_line' id='line_1_14' title="bbox 149 2533 1087 2623; baseline -0.003 -23"><span class='ocrx_word' id='word_1_68' title='bbox 149 2534 319 2602; x_wconf 89' lang='grc' dir='ltr'>Φίλιππον</span> <span class='ocrx_word' id='word_1_69' title='bbox 340 2536 565 2621; x_wconf 82' lang='grc' dir='ltr'>ἐπρέσβευσεν.</span> <span class='ocrx_word' id='word_1_70' title='bbox 609 2541 821 2619; x_wconf 79' lang='grc' dir='ltr'>πολεμοῦντες</span> <span class='ocrx_word' id='word_1_71' title='bbox 841 2536 903 2623; x_wconf 72' lang='grc' dir='ltr'>γὰρ</span> <span class='ocrx_word' id='word_1_72' title='bbox 924 2533 1087 2614; x_wconf 83' lang='grc' dir='ltr'>Ἀθηναῖοι</span> 
     </span>
     <span class='ocr_line' id='line_1_15' title="bbox 150 2634 1088 2723; baseline -0.001 -22"><span class='ocrx_word' id='word_1_73' title='bbox 150 2637 308 2722; x_wconf 88' lang='grc' dir='ltr'>Φιλίππιρ</span> <span class='ocrx_word' id='word_1_74' title='bbox 336 2638 409 2723; x_wconf 83' lang='grc' dir='ltr'>περὶ</span> <span class='ocrx_word' id='word_1_75' title='bbox 438 2636 663 2723; x_wconf 79' lang='grc' dir='ltr'>Ἀμφιπόλεως</span> <span class='ocrx_word' id='word_1_76' title='bbox 692 2637 744 2702; x_wconf 85' lang='grc' dir='ltr'>καὶ</span> <span class='ocrx_word' id='word_1_77' title='bbox 772 2636 883 2702; x_wconf 85' lang='grc' dir='ltr'>πολλὰ</span> <span class='ocrx_word' id='word_1_78' title='bbox 913 2634 971 2719; x_wconf 82' lang='grc' dir='ltr'>μὲν</span> <span class='ocrx_word' id='word_1_79' title='bbox 999 2635 1088 2701; x_wconf 80' lang='grc' dir='ltr'>αὐτοὶ</span> 
     </span>
     <span class='ocr_line' id='line_1_16' title="bbox 150 2736 1088 2829; baseline -0.004 -27"><span class='ocrx_word' id='word_1_80' title='bbox 150 2738 235 2804; x_wconf 83' lang='grc' dir='ltr'>δεινὰ</span> <span class='ocrx_word' id='word_1_81' title='bbox 255 2737 437 2829; x_wconf 81' lang='grc' dir='ltr'>πάσχοντες</span> <span class='ocrx_word' id='word_1_82' title='bbox 459 2738 591 2824; x_wconf 83' lang='grc' dir='ltr'>δρῶντες</span> <span class='ocrx_word' id='word_1_83' title='bbox 613 2740 646 2805; x_wconf 87' lang='grc' dir='ltr'>δὲ</span> <span class='ocrx_word' id='word_1_84' title='bbox 667 2738 754 2804; x_wconf 76' lang='grc' dir='ltr'>οὐδὲν</span> <span class='ocrx_word' id='word_1_85' title='bbox 776 2738 865 2820; x_wconf 78' lang='grc' dir='ltr'>ἄξιον</span> <span class='ocrx_word' id='word_1_86' title='bbox 883 2738 990 2818; x_wconf 68' lang='grc' dir='ltr'>λόγου,</span> <span class='ocrx_word' id='word_1_87' title='bbox 1006 2736 1088 2799; x_wconf 90' lang='grc' dir='ltr'>ε’πεί-</span> 
     </span>
     <span class='ocr_line' id='line_1_17' title="bbox 150 2839 1087 2929; baseline -0.002 -25"><span class='ocrx_word' id='word_1_88' title='bbox 150 2840 276 2920; x_wconf 86' lang='grc' dir='ltr'>σθησαν</span> <span class='ocrx_word' id='word_1_89' title='bbox 290 2839 371 2925; x_wconf 81' lang='grc' dir='ltr'>ὑπὲρ</span> <span class='ocrx_word' id='word_1_90' title='bbox 386 2840 506 2929; x_wconf 83' lang='grc' dir='ltr'>εἰρήνης</span> <span class='ocrx_word' id='word_1_91' title='bbox 524 2842 792 2925; x_wconf 82' lang='grc' dir='ltr'>πρεσβεύσασθαι</span> <span class='ocrx_word' id='word_1_92' title='bbox 811 2840 890 2924; x_wconf 79' lang='grc' dir='ltr'>πρὸς</span> <span class='ocrx_word' id='word_1_93' title='bbox 909 2841 1087 2903; x_wconf 87' lang='grc' dir='ltr'>Φιλιππου·</span> 
     </span>
     <span class='ocr_line' id='line_1_18' title="bbox 150 2938 1089 3029; baseline -0.001 -23"><span class='ocrx_word' id='word_1_94' title='bbox 150 2941 314 3023; x_wconf 88' lang='grc' dir='ltr'>πέμπουσι</span> <span class='ocrx_word' id='word_1_95' title='bbox 329 2941 366 3022; x_wconf 85' lang='grc' dir='ltr'>δή</span> <span class='ocrx_word' id='word_1_96' title='bbox 381 2942 534 3029; x_wconf 83' lang='grc' dir='ltr'>πρέσβεις</span> <span class='ocrx_word' id='word_1_97' title='bbox 549 2940 623 3006; x_wconf 86' lang='grc' dir='ltr'>δέκα</span> <span class='ocrx_word' id='word_1_98' title='bbox 637 2942 691 3007; x_wconf 79' lang='grc' dir='ltr'>τὸν</span> <span class='ocrx_word' id='word_1_99' title='bbox 705 2941 846 3027; x_wconf 85' lang='grc' dir='ltr'>ἀριθμόν,</span> <span class='ocrx_word' id='word_1_100' title='bbox 864 2942 896 3006; x_wconf 86' lang='grc' dir='ltr'>ἐν</span> <span class='ocrx_word' id='word_1_101' title='bbox 910 2940 957 3010; x_wconf 85' lang='grc' dir='ltr'>οίς</span> <span class='ocrx_word' id='word_1_102' title='bbox 972 2938 1089 3028; x_wconf 87' lang='grc' dir='ltr'>Αἰσχί-</span> 
     </span>
     <span class='ocr_line' id='line_1_19' title="bbox 152 3043 1090 3127; baseline -0.001 -18"><span class='ocrx_word' id='word_1_103' title='bbox 152 3072 204 3124; x_wconf 92' lang='grc' dir='ltr'>νης</span> <span class='ocrx_word' id='word_1_104' title='bbox 218 3071 253 3109; x_wconf 90' lang='grc' dir='ltr'>τε</span> <span class='ocrx_word' id='word_1_105' title='bbox 267 3045 321 3110; x_wconf 85' lang='grc' dir='ltr'>καὶ</span> <span class='ocrx_word' id='word_1_106' title='bbox 336 3045 541 3127; x_wconf 87' lang='grc' dir='ltr'>Δημοσθένης</span> <span class='ocrx_word' id='word_1_107' title='bbox 554 3045 644 3125; x_wconf 77' lang='grc' dir='ltr'>ἦσαν.</span> <span class='ocrx_word' id='word_1_108' title='bbox 686 3043 854 3127; x_wconf 82' lang='grc' dir='ltr'>δεξομένου</span> <span class='ocrx_word' id='word_1_109' title='bbox 872 3043 905 3108; x_wconf 86' lang='grc' dir='ltr'>δὲ</span> <span class='ocrx_word' id='word_1_110' title='bbox 921 3045 1090 3108; x_wconf 90' lang='grc' dir='ltr'>Φιλίππου</span> 
     </span>
     <span class='ocr_line' id='line_1_20' title="bbox 152 3145 1089 3234; baseline -0.001 -22"><span class='ocrx_word' id='word_1_111' title='bbox 152 3149 206 3220; x_wconf 67' lang='grc' dir='ltr'>τὰς</span> <span class='ocrx_word' id='word_1_112' title='bbox 224 3147 392 3226; x_wconf 81' lang='grc' dir='ltr'>διαλύσεις,</span> <span class='ocrx_word' id='word_1_113' title='bbox 415 3149 516 3214; x_wconf 82' lang='grc' dir='ltr'>πάλιν</span> <span class='ocrx_word' id='word_1_114' title='bbox 537 3148 569 3212; x_wconf 89' lang='grc' dir='ltr'>οἱ</span> <span class='ocrx_word' id='word_1_115' title='bbox 588 3147 679 3213; x_wconf 72' lang='grc' dir='ltr'>αὐτοὶ</span> <span class='ocrx_word' id='word_1_116' title='bbox 700 3147 917 3234; x_wconf 82' lang='grc' dir='ltr'>πρεσβεύουσι</span> <span class='ocrx_word' id='word_1_117' title='bbox 939 3145 1089 3230; x_wconf 78' lang='grc' dir='ltr'>δεύτερον,</span> 
     </span>
     <span class='ocr_line' id='line_1_21' title="bbox 152 3245 1092 3336; baseline -0.005 -20"><span class='ocrx_word' id='word_1_118' title='bbox 152 3249 235 3322; x_wconf 71' lang='grc' dir='ltr'>ὅπως</span> <span class='ocrx_word' id='word_1_119' title='bbox 264 3251 296 3316; x_wconf 87' lang='grc' dir='ltr'>οἱ</span> <span class='ocrx_word' id='word_1_120' title='bbox 322 3250 396 3335; x_wconf 80' lang='grc' dir='ltr'>περὶ</span> <span class='ocrx_word' id='word_1_121' title='bbox 424 3254 481 3332; x_wconf 83' lang='grc' dir='ltr'>τῆς</span> <span class='ocrx_word' id='word_1_122' title='bbox 509 3248 629 3336; x_wconf 88' lang='grc' dir='ltr'>εἰρήνης</span> <span class='ocrx_word' id='word_1_123' title='bbox 658 3248 745 3336; x_wconf 70' lang='grc' dir='ltr'>ὅρκοι</span> <span class='ocrx_word' id='word_1_124' title='bbox 770 3251 917 3331; x_wconf 72' lang='grc' dir='ltr'>γένοιντο.</span> <span class='ocrx_word' id='word_1_125' title='bbox 961 3249 1035 3335; x_wconf 88' lang='grc' dir='ltr'>περὶ</span> <span class='ocrx_word' id='word_1_126' title='bbox 1058 3245 1092 3310; x_wconf 93' lang='grc' dir='ltr'>δὲ</span> 
     </span>
    </p>

    <p class='ocr_par' dir='ltr' id='par_1_6' title="bbox 153 3423 1093 3615">
     <span class='ocr_line' id='line_1_22' title="bbox 185 3423 1093 3490; baseline -0.003 -15"><span class='ocrx_word' id='word_1_127' title='bbox 185 3427 241 3475; x_wconf 77' lang='grc'>333.</span> <span class='ocrx_word' id='word_1_128' title='bbox 259 3425 292 3490; x_wconf 89' lang='grc'>(1)</span> <span class='ocrx_word' id='word_1_129' title='bbox 305 3423 453 3486; x_wconf 55' lang='lat' dir='ltr'>(uocem.</span> <span class='ocrx_word' id='word_1_130' title='bbox 475 3424 524 3475; x_wconf 79' lang='lat' dir='ltr'>Sed</span> <span class='ocrx_word' id='word_1_131' title='bbox 532 3424 597 3474; x_wconf 84' lang='lat' dir='ltr'><strong>illud</strong></span> <span class='ocrx_word' id='word_1_132' title='bbox 647 3423 663 3487; x_wconf 77' lang='grc' dir='ltr'>ᾗ</span> <span class='ocrx_word' id='word_1_133' title='bbox 685 3425 714 3484; x_wconf 76' lang='grc' dir='ltr'>δή</span> <span class='ocrx_word' id='word_1_134' title='bbox 731 3425 760 3474; x_wconf 88' lang='grc' dir='ltr'>τδ</span> <span class='ocrx_word' id='word_1_135' title='bbox 779 3427 893 3474; x_wconf 82' lang='grc' dir='ltr'>πλεῖστον</span> <span class='ocrx_word' id='word_1_136' title='bbox 911 3425 991 3482; x_wconf 73' lang='grc' dir='ltr'>διέζων</span> <span class='ocrx_word' id='word_1_137' title='bbox 1009 3425 1034 3473; x_wconf 76' lang='grc' dir='ltr'>ἐν</span> <span class='ocrx_word' id='word_1_138' title='bbox 1055 3427 1093 3485; x_wconf 59' lang='lat' dir='ltr'>ru</span> 
     </span>
     <span class='ocr_line' id='line_1_23' title="bbox 153 3487 1091 3550; baseline -0.002 -13"><span class='ocrx_word' id='word_1_139' title='bbox 153 3488 596 3550; x_wconf 68' lang='lat' dir='ltr'><strong>valet“togutalivingby.”Soph.</strong></span> <span class='ocrx_word' id='word_1_140' title='bbox 646 3491 702 3538; x_wconf 84' lang='grc' dir='ltr'>τότε</span> <span class='ocrx_word' id='word_1_141' title='bbox 723 3490 808 3550; x_wconf 79' lang='grc' dir='ltr'>χρόνῳ.</span> <span class='ocrx_word' id='word_1_142' title='bbox 842 3488 922 3549; x_wconf 80' lang='lat' dir='ltr'><strong>Quem</strong></span> <span class='ocrx_word' id='word_1_143' title='bbox 943 3487 1029 3536; x_wconf 76' lang='lat' dir='ltr'><strong>locum</strong></span> <span class='ocrx_word' id='word_1_144' title='bbox 1051 3502 1091 3536; x_wconf 85' lang='lat' dir='ltr'>ex-</span> 
     </span>
     <span class='ocr_line' id='line_1_24' title="bbox 155 3553 1092 3615; baseline -0.003 -13"><span class='ocrx_word' id='word_1_145' title='bbox 155 3553 263 3602; x_wconf 72' lang='lat' dir='ltr'><strong>Philoou</strong></span> <span class='ocrx_word' id='word_1_146' title='bbox 275 3555 331 3611; x_wconf 80' lang='lat'>535,</span> <span class='ocrx_word' id='word_1_147' title='bbox 343 3555 420 3602; x_wconf 78' lang='lat' dir='ltr'><strong>Arist.</strong></span> <span class='ocrx_word' id='word_1_148' title='bbox 435 3553 508 3601; x_wconf 83' lang='lat' dir='ltr'><strong>Avib.</strong></span> <span class='ocrx_word' id='word_1_149' title='bbox 526 3555 597 3614; x_wconf 82' lang='lat'>1434,</span> <span class='ocrx_word' id='word_1_150' title='bbox 648 3553 738 3614; x_wconf 77' lang='lat' dir='ltr'>scripsi</span> <span class='ocrx_word' id='word_1_151' title='bbox 754 3555 858 3614; x_wconf 79' lang='lat' dir='ltr'>propter</span> <span class='ocrx_word' id='word_1_152' title='bbox 873 3553 996 3615; x_wconf 75' lang='lat' dir='ltr'>rariorem</span> <span class='ocrx_word' id='word_1_153' title='bbox 1015 3553 1092 3600; x_wconf 82' lang='lat' dir='ltr'><strong>usum</strong></span> 
     </span>
    </p>
   </div>
   <div class='ocr_carea' id='block_1_6' title="bbox 155 3615 1093 3744">
    <p class='ocr_par' dir='ltr' id='par_1_7' title="bbox 155 3615 1093 3744">
     <span class='ocr_line' id='line_1_25' title="bbox 155 3615 1093 3679; baseline -0.003 -14"><span class='ocrx_word' id='word_1_154' title='bbox 155 3617 222 3668; x_wconf 74' lang='lat' dir='ltr'><strong>Plut.</strong></span> <span class='ocrx_word' id='word_1_155' title='bbox 244 3617 298 3676; x_wconf 81' lang='grc'>906,</span> <span class='ocrx_word' id='word_1_156' title='bbox 315 3617 382 3666; x_wconf 71' lang='lat' dir='ltr'><strong>Pht.</strong></span> <span class='ocrx_word' id='word_1_157' title='bbox 406 3631 447 3667; x_wconf 77' lang='grc' dir='ltr'>ιιι.</span> <span class='ocrx_word' id='word_1_158' title='bbox 468 3617 499 3665; x_wconf 85' lang='lat' dir='ltr'>de</span> <span class='ocrx_word' id='word_1_159' title='bbox 520 3617 596 3677; x_wconf 78' lang='lat' dir='ltr'>Legg.</span> <span class='ocrx_word' id='word_1_160' title='bbox 647 3615 736 3671; x_wconf 78' lang='lat' dir='ltr'><strong>dativi.</strong></span> <span class='ocrx_word' id='word_1_161' title='bbox 760 3631 840 3678; x_wconf 90' lang='lat' dir='ltr'><strong>quum</strong></span> <span class='ocrx_word' id='word_1_162' title='bbox 862 3619 904 3679; x_wconf 76' lang='grc' dir='ltr'>ἀφ’</span> <span class='ocrx_word' id='word_1_163' title='bbox 925 3615 954 3677; x_wconf 81' lang='grc' dir='ltr'>ἧς</span> <span class='ocrx_word' id='word_1_164' title='bbox 975 3616 1004 3666; x_wconf 90' lang='lat' dir='ltr'>in</span> <span class='ocrx_word' id='word_1_165' title='bbox 1020 3629 1093 3664; x_wconf 78' lang='lat' dir='ltr'>more</span> 
     </span>
     <span class='ocr_line' id='line_1_26' title="bbox 157 3679 791 3744; baseline 0.003 -14"><span class='ocrx_word' id='word_1_166' title='bbox 157 3681 202 3734; x_wconf 81' lang='grc'>679</span> <span class='ocrx_word' id='word_1_167' title='bbox 220 3681 243 3729; x_wconf 87' lang='grc' dir='ltr'><strong>Α</strong></span> <span class='ocrx_word' id='word_1_168' title='bbox 253 3683 323 3741; x_wconf 76' lang='grc' dir='ltr'>νομῆς</span> <span class='ocrx_word' id='word_1_169' title='bbox 330 3684 379 3744; x_wconf 75' lang='grc' dir='ltr'>γὰρ</span> <span class='ocrx_word' id='word_1_170' title='bbox 389 3684 431 3731; x_wconf 78' lang='grc' dir='ltr'>οὐκ</span> <span class='ocrx_word' id='word_1_171' title='bbox 441 3679 471 3741; x_wconf 70' lang='grc' dir='ltr'>ἦν</span> <span class='ocrx_word' id='word_1_172' title='bbox 481 3683 594 3730; x_wconf 74' lang='grc' dir='ltr'>σπάνις...</span> <span class='ocrx_word' id='word_1_173' title='bbox 646 3683 791 3742; x_wconf 75' lang='lat' dir='ltr'><strong>usurpetur.</strong></span> 
     </span>
    </p>
   </div>
   <div class='ocr_carea' id='block_1_7' title="bbox 243 3779 1003 3841">
    <p class='ocr_par' dir='ltr' id='par_1_8' title="bbox 243 3779 1003 3841">
     <span class='ocr_line' id='line_1_27' title="bbox 243 3779 1003 3841; baseline -0.003 -1"><span class='ocrx_word' id='word_1_174' title='bbox 243 3791 268 3841; x_wconf 81' lang='lat' dir='ltr'>S.</span> <span class='ocrx_word' id='word_1_175' title='bbox 290 3791 372 3840; x_wconf 71' lang='grc' dir='ltr'>ουκ.</span> <span class='ocrx_word' id='word_1_176' title='bbox 986 3779 1003 3838; x_wconf 94' lang='grc'>1</span> 
     </span>
    </p>
   </div>
   <div class='ocr_carea' id='block_1_8' title="bbox 0 0 1345 4156">
    <p class='ocr_par' dir='ltr' id='par_1_9' title="bbox 0 0 1345 4156">
     <span class='ocr_line' id='line_1_28' title="bbox 0 0 1345 4156; baseline 0 0"><span class='ocrx_word' id='word_1_177' title='bbox 0 0 1345 4156; x_wconf 95' lang='lat' dir='ltr'> </span> 
     </span>
    </p>
   </div>
  </div>
 </body>
</html>
