2644 4156
235 219 277 284 24
497 320 500 336 ι
542 224 861 296 DEMOSTHENIS

233 375 465 460 πεφοβημένων
486 377 539 442 καὶ
560 353 796 463 τεταραγμένων
816 382 874 462 τὴν
895 381 973 467 πρὸς
994 382 1050 465 τὴν
1071 385 1168 452 πόλιν

233 475 407 556 οἰκειότητα
430 478 587 565 Φιλίππῳ
606 482 821 562 γεγενημένην,
848 481 896 547 ὅτι
923 481 983 548 ’έοὺ
1008 484 1168 565 λελήθατε

158 577 218 654 348
232 573 319 657 ἡμᾶς,
336 577 360 640 ὦ
375 577 481 663 ἄνδρες
499 579 503 662 Ι
524 579 686 665 πρέσβεις,
703 581 751 666 ἐφ’
767 583 812 652 οἷς
822 584 1000 663 πεποίησθε
1013 584 1070 665 τὴν
1084 585 1166 672 εἰρή-

230 703 287 757 νην
314 678 391 762 πρὸς
420 682 599 762 Φίλιππον,
628 682 691 749 οὐδ’
718 683 887 766 αἰγνοοῦμεν
915 683 964 750 ’ίιτι
993 685 1078 767 ὑμεῖς
1106 685 1165 769 μὲν

229 776 426 864 Ἀμφίπολιν
442 782 585 849 δεδώκατ’
600 785 714 872 ἐκείνῳ,
726 785 890 857 Φίλιππος
905 787 931 850 δ’
941 787 1011 868 ὑμῖν
1021 789 1163 868 Εὔβοιαν

230 879 410 964 ὡμολόγηκε
433 885 659 970 παροδώσειν.”
702 887 780 952 εἶναι
802 889 909 970 μέντοι
934 916 966 954 τι
994 889 1048 955 καὶ
1078 890 1162 956 ἄλλο
1176 911 1214 970 25

229 981 417 1071 διῳκημένον
431 986 522 1075 αὑτῷ,
537 986 572 1053 οὐ
591 987 654 1069 μήν
670 1016 721 1054 πω
742 995 833 1055 τοῦτο
851 990 1029 1070 βούλεσθαι
1047 993 1161 1075 λέγειν·

228 1085 281 1149 καὶ
304 1086 365 1170 γὰρ
390 1091 443 1152 νῦν
466 1089 591 1172 φθονεῖν
614 1091 700 1161 τινὰς
724 1090 809 1180 αὐτῷ
831 1096 892 1157 τῶν
917 1096 1159 1179 συμπρέσβεων.

178 1211 193 1248 2
196 1211 212 1266 3
227 1185 411 1270 ὑπῃνίττετο
426 1189 452 1253 δ’
464 1189 544 1256 οὕτω
560 1193 613 1258 καὶ
625 1193 803 1277 παρεδήλου
817 1194 871 1259 τὸν
885 1193 1040 1279 Ὠρωπόν.
1077 1194 1160 1260 εὕδο-

226 1293 326 1370 κιμῶν
348 1288 373 1354 δ’
397 1291 451 1356 ἐπὶ
478 1292 597 1364 τούτοις
621 1293 753 1372 εἰκότως,
777 1294 831 1360 καὶ
854 1295 951 1361 δοκῶν
974 1296 1027 1361 καὶ
1055 1295 1158 1383 ῥήτωρ

225 1394 355 1478 ἄριστος
370 1393 448 1459 εἶναι
468 1397 520 1461 καὶ
539 1395 616 1481 ἀνὴρ
638 1397 826 1478 θαυμαστός,
842 1397 962 1476 κατέβη
977 1398 1067 1479 μάλα
1082 1425 1157 1481 σεμ-

225 1499 289 1565 νῶς.
334 1493 473 1566 ἀναστὰς
495 1495 521 1560 δ’
536 1497 596 1578 ἐγώ
617 1496 718 1562 ταῦτα
738 1523 773 1562 τε
793 1496 848 1562 οὗκ
870 1497 949 1582 ἔφην
968 1497 1087 1576 εἰδέναι,
1104 1499 1156 1564 καὶ
1171 1505 1207 1562 26

224 1595 399 1681 ἐπειρώμην
415 1624 448 1664 τι
469 1597 573 1680 λέγειν
594 1595 713 1662 τούτων
731 1596 773 1661 ὦν
791 1597 834 1667 εἰς
848 1597 904 1678 τὴν
917 1598 1039 1681 βουλὴν
1054 1598 1155 1682 ἀπήγ-

269 1792 327 1852 ξ24.
363 1792 403 1840 κοί
415 1792 535 1852 λεγόντων
545 1791 606 1838 ante
617 1793 653 1839 ὅτι
665 1789 722 1838 add.
730 1789 797 1850 vulg.
806 1790 865 1837 ente
873 1789 1154 1838 Βατία-Μενίππου

221 1859 327 1916 gravant
343 1855 536 1903 intolerabiliter
544 1855 559 1879 ‘’
579 1855 687 1902 Suum.
710 1853 754 1913 qui
769 1857 836 1902 reete
854 1855 941 1901 monet
957 1853 1100 1914 proximum
1118 1858 1153 1903 ὅτι

220 1920 330 1981 pendere
349 1919 381 1966 ab
397 1918 527 1966 infinitivo
539 1919 637 1966 ἀκούειν.
671 1917 730 1964 Mox
747 1919 785 1978 ἐφ’
804 1919 837 1966 οῑι
854 1931 904 1965 om.
926 1917 951 1966 S.
971 1917 1015 1964 sed
1030 1917 1107 1966 habet
1124 1918 1153 1966 in

220 1997 299 2043 marg.
330 1983 358 2031 Si
373 1982 404 2032 al.
423 1982 480 2030 libr.
493 1981 700 2041 astipularentur,
711 1983 741 2028 ub
756 1980 785 2028 in
795 1981 902 2041 abrupto
917 1995 1007 2040 genere
1019 1982 1150 2043 sermonis,

219 2046 289 2094 haud
311 2060 462 2108 magnopere
479 2045 604 2093 desideres
620 2059 767 2106 quenquam
789 2047 862 2094 οὐδ’
882 2050 936 2107 (pro
955 2043 1004 2110 οὐκ)
1025 2047 1153 2108 ἀγνοοῦμεν

219 2114 257 2160 ὅτι
267 2111 365 2159 videtur
375 2109 481 2158 obstare.

267 2175 321 2224 348.
336 2175 397 2235 525.
433 2174 494 2221 Posl
504 2173 592 2233 μέντοι,
608 2191 632 2221 τι
642 2187 692 2223 om.
708 2171 734 2221 S.
745 2172 775 2222 Y.
788 2172 818 2222 0.
830 2174 849 2221 t.
862 2186 887 2221 u.
900 2185 923 2222 v.
937 2172 1021 2221 VonM.
1039 2173 1087 2220 Pro
1103 2176 1151 2233 μὴν

219 2238 341 2300 praebent
356 2241 399 2294 μὲν
417 2237 443 2286 S.
455 2238 483 2286 Y.
518 2237 588 2284 Solet
604 2237 629 2286 S.
648 2236 709 2284 alibi
726 2236 846 2284 Ionismie
860 2235 999 2296 indulgere,
1017 2250 1066 2296 eg.
1090 2255 1149 2285 συνι-

220 2305 307 2362 στιιίθη
318 2305 330 2362 5
341 2302 394 2361 210,
409 2305 473 2350 ἰττια
485 2301 539 2364 (sie)
551 2302 564 2358 5
575 2302 630 2356 260,
642 2300 729 2348 Boeol.
743 2300 774 2347 de
784 2300 858 2348 Nom
873 2314 897 2360 p.
917 2301 964 2350 996
974 2303 987 2360 ἓ
999 2303 1014 2349 7
1027 2303 1150 2362 ἰὀτιιίτομα

220 2367 283 2426 (eie).
316 2367 403 2414 Boeob.
421 2364 452 2412 de
468 2365 525 2414 Dol.
548 2378 573 2425 p.
595 2365 659 2414 1026*
677 2368 690 2423 ἓ
707 2366 738 2414 59
751 2380 858 2412 ιοτιοιοοι
876 2363 937 2427 (eie.)
971 2365 1045 2424 Lept.
1063 2379 1087 2424 p.
1101 2366 1149 2414 463

218 2432 271 2490 §21
282 2430 412 2491 ἰ’στιάτορες
422 2443 457 2489 pr.
474 2429 592 2477 S.—orl
599 2431 645 2488 μήν
656 2447 699 2478 πω.
731 2433 746 2456 “
758 2428 864 2488 Saepius
880 2431 946 2477 οὕτω
960 2427 996 2476 sio
1015 2427 1147 2476 dirimunt.

217 2493 350 2554 Imprimis
360 2493 472 2540 notabile
484 2491 550 2552 quod
562 2492 652 2552 legitur
662 2507 687 2552 p.
702 2493 757 2550 230,
769 2494 800 2542 27
817 2496 844 2540 οὑ
859 2494 907 2555 γὰρ
925 2496 953 2551 δὴ
971 2495 1050 2553 ἔγωγε
1067 2492 1146 2541 ἐπολι-

216 2561 366 2617 τενίμηνπω
382 2556 462 2606 τίτε.”
497 2557 603 2605 Suum.
638 2557 676 2605 cf.
691 2557 756 2604 Plat.
769 2557 873 2605 Theaet.
892 2557 940 2604 200
955 2557 978 2603 D
1001 2559 1028 2605 οὐ
1045 2558 1094 2617 γάρ
1110 2574 1148 2604 πα

216 2624 347 2684 άπεροῦμέν
373 2623 404 2683 γέ
427 2639 471 2677 πω,
489 2620 532 2667 ubi
548 2619 642 2669 Heind.
664 2620 782 2668 “Mirum
804 2622 843 2668 est
861 2621 953 2681 duplex
970 2619 1018 2667 hoo
1038 2637 1082 2667 ποι.
1115 2620 1147 2666 In

214 2689 335 2748 promptu
352 2687 417 2734 foret
429 2684 551 2744 corrigere
563 2687 590 2732 οὐ
600 2686 648 2745 γάρ
660 2703 707 2732 που
717 2687 761 2733 ατ.
772 2687 803 2746 γέ
814 2701 859 2744 τω,
881 2685 932 2731 nisi
951 2686 1008 2732 tum
1022 2683 1147 2744 particula

215 2770 253 2800 πω
270 2751 348 2799 nimis
366 2751 464 2798 remote
479 2747 607 2795 videretur
622 2761 638 2795 e
653 2761 799 2808 praegressa
817 2747 976 2807 negatione.’'
1008 2747 1065 2796 Vid.
1085 2748 1146 2797 Eur.

214 2815 268 2863 Ion.
281 2816 328 2864 546
341 2817 426 2876 οὐγὰρ
437 2812 576 2874 ὕστερόνηέ
587 2829 633 2870 τοι,
645 2826 799 2872 quemquem
817 2813 842 2859 et
859 2811 901 2858 hie
918 2815 943 2859 el
960 2811 989 2858 in
1007 2811 1072 2859 Plet.
1090 2811 1146 2860 loeo

213 2881 243 2938 γέ
255 2898 301 2927 που
311 2877 485 2939 reponendum
502 2890 597 2924 censeo.
632 2876 673 2924 Ar.
687 2876 751 2925 Ram
766 2875 813 2924 565
825 2876 893 2922 solue
904 2874 963 2923 (lod.
976 2874 1037 2924 Ven.
1052 2878 1143 2938 γέτον,

213 2942 257 2990 ubi
268 2943 334 3003 vulg.
346 2945 376 3005 γέ
385 2960 431 2991 πιο.
467 2939 539 3000 Supr.
554 2939 620 3000 αὐτῷ
628 2940 712 2990 Bm.
748 2939 824 3001 [αὐτῷ
830 2939 912 2986 Bm.
927 2940 971 3000 eb]

215 3112 366 3162 “Afraidor
376 3109 655 3160 enddisturbedatbhe
703 3108 735 3157 ed
755 3109 782 3158 et
802 3106 924 3169 Oropue.”
942 3107 1007 3158 Phil.
1028 3122 1057 3156 11.
1071 3123 1095 3169 p.
1114 3111 1145 3162 73

211 3178 334 3236 intimaoy
354 3175 437 3222 which
457 3174 511 3222 had,
530 3173 594 3222 been
616 3187 654 3221 ee·
702 3175 872 3235 ςθοιονβοιον
889 3174 970 3222 δὲκαὶ
990 3176 1031 3222 τὸν
1048 3174 1145 3233 Ωρωτὸν

211 3240 315 3291 mented
326 3240 437 3287 between
447 3237 532 3298 Philip
547 3236 599 3284 end
609 3237 654 3286 the
704 3238 752 3284 ἀντ’
763 3235 931 3298 Ἀμφιπόλεως
948 3238 999 3296 ὑμῖν
1016 3239 1142 3287 ἀποδώσει.

212 3306 289 3366 oity.‘’
321 3303 375 3350 The
390 3316 471 3351 aecus.
484 3301 508 3349 ie
526 3301 654 3362 naturally
703 3299 791 3361 Oomp.
808 3315 833 3360 p.
853 3301 901 3350 449
918 3304 931 3361 ἕ
950 3302 1144 3364 374--πορε-

212 3367 336 3431 gevemed
347 3366 374 3414 of
388 3365 433 3414 the
444 3365 501 3413 idea
511 3364 615 3425 implied
625 3364 654 3412 in
702 3365 783 3424 δήλου,
798 3366 902 3426 oblique,
921 3373 982 3413 tecte
1001 3368 1143 3427 elpnifieere

213 3433 401 3494 τεταραγμένων.
421 3428 527 3476 (lonsulb
538 3429 582 3476 the
592 3431 653 3476 note
701 3427 787 3475 Reisk.
799 3427 856 3475 Ind.
870 3428 1005 3477 Scmerrr
1015 3443 1143 3489 compares

212 3511 246 3545 on
256 3491 652 3556 p.366§92‚endAeeehyl.Ag.
702 3491 768 3542 Plul.
783 3491 871 3540 Moral.
887 3491 914 3542 T.
929 3507 947 3539 1.
959 3507 984 3552 p.
998 3494 1037 3540 33.
1066 3495 1141 3556 Wptt.

213 3560 275 3610 1316
286 3557 378 3619 quoted
389 3558 497 3617 on§27.
703 3554 750 3614 (De
773 3554 816 3605 lib.
838 3555 918 3604 Educ.
937 3555 965 3602 Τ.
990 3570 1019 3603 11.
1037 3570 1062 3616 p.
1082 3560 1097 3606 9
1119 3558 1142 3604 D

242 3629 255 3686 ξ
267 3625 305 3673 25.
326 3623 466 3684 ὑπῃνίττετο
473 3620 557 3681 κ.τ.λ.]
569 3618 653 3668 “And
701 3620 834 3682 Xplandr.)
852 3621 1004 3676 αἰνιττόμενοι
1016 3623 1055 3669 καὶ
1066 3639 1141 3684 παρα-

210 3687 303 3740 inthis
313 3685 347 3738 he
357 3683 458 3736 alluded
474 3685 501 3734 to
517 3683 568 3733 and
582 3683 651 3734 hint-
701 3683 831 3745 δηλοῦντες.
