2644 4156
686 184 706 246 2

226 339 328 402 ταῦτα
342 336 382 401 τὰ
395 333 572 420 πρήγματα
586 339 753 421 κατηηορεῖ
765 334 782 400 ὁ
793 333 997 418 Δημοσθένης
1008 333 1165 422 Αἰσχίνου

226 435 307 522 τρία·
328 433 378 502 Vm
392 437 611 523 Φιλοκράτους
625 437 765 523 αἰσχρὰν
779 437 833 501 καὶ
844 436 1027 522 ἀσύμφορον
1042 437 1164 523 εἰρήνην

225 536 402 622 ’γράφοντος
426 543 572 610 συνεῖπεν
596 537 687 623 αὐτῷ·
717 535 766 603 δτι
787 538 858 607 τοὺς
878 537 1009 625 χρόνους
1031 538 1164 604 κατανά-

225 648 322 718 λωσε,
345 640 421 726 παρ’
443 638 459 704 δ
482 639 603 720 συνέβη
625 640 666 704 τὰ
687 642 720 706 ἐν
742 640 854 728 Θρᾴκῃ
877 642 1094 727 διαφθαρῆναι·
1116 639 1164 706 ὅτι

225 739 331 824 ψευδῆ
360 739 439 828 πρὸς
467 740 653 821 Ἀθηναίους
681 741 864 824 ἀπήγγειλε,
893 742 968 823 παρ’
998 741 1014 808 δ
1043 741 1162 821 συνέβη

227 845 347 914 Φωκεῖς
369 842 560 910 ἀπολέσθαι·
583 843 652 910 εῖπε
672 845 743 931 ηάρ,
760 845 867 931 φησίν,
886 844 936 910 ’ότι
957 845 1087 916 Φωκέας
1109 845 1164 909 οὐκ

186 946 190 953 ’
226 943 391 1029 ἀναιρήσει
420 947 593 1026 Φιλίππος,
623 947 678 1011 καί
706 946 791 1027 ὑμεῖς
813 947 913 1032 τούτῳ
936 945 1164 1017 πιστεύσαντες

147 1065 210 1128 334
227 1044 282 1109 οὐκ
297 1045 495 1127 ἐβοηθήσατε
513 1047 519 1134 Ι
538 1052 602 1117 τοῖς
617 1046 774 1134 ἀνδράσιν.
812 1048 892 1133 φησὶ
904 1049 938 1114 δὲ
948 1054 1048 1114 ταῦτα
1059 1049 1164 1114 πάντα

226 1149 280 1214 ε’πῖ
296 1151 403 1236 μισθῷ
422 1150 475 1215 καὶ
493 1149 600 1234 δώροις
617 1148 672 1215 τὸν
694 1150 853 1236 Αἰσχίνην
875 1149 1162 1234 κεκακουργηκέναι.

225 1248 245 1330 ἡ
268 1251 383 1322 στάσις
402 1250 476 1336 περὶ
496 1250 613 1326 οὐσίας,
633 1253 686 1317 καὶ
705 1251 930 1340 στοχαστική’·
950 1252 970 1333 ή
988 1252 1022 1318 δὲ
1043 1251 1163 1332 κίνησις

226 1357 281 1434 τῆς
307 1353 423 1440 ἔχθρας
451 1352 579 1434 λέγεται
600 1354 653 1419 διὰ
673 1355 838 1442 Τίμαρχον
859 1353 913 1419 τὸν
935 1354 1031 1440 φιλον
1060 1361 1164 1435 Δημο-

226 1453 366 1533 σθένους,
383 1452 417 1518 δν
430 1452 588 1535 ήτίμωσεν
602 1453 759 1540 Αἰσχίνης
776 1451 996 1534 κατηγορήσας
1011 1452 1051 1523 ὦς
1066 1459 1164 1518 κακοῦ

224 1558 309 1637 βιόυ,
325 1557 406 1623 διότι
419 1556 499 1643 πρὸς
520 1555 726 1621 Πιττάλακον
746 1555 799 1619 τὸν
814 1554 961 1641 ὀρνιθίαν,
977 1555 1083 1638 φησίν,
1100 1554 1164 1619 εἰσ-

132 1649 134 1654 ,
225 1659 273 1744 ήει
303 1658 456 1743 εὔμορφος
484 1656 534 1734 ὤν,
564 1655 617 1721 ε’πῖ
646 1659 691 1742 τῷ
720 1655 853 1721 θεᾶσθαι
882 1656 938 1724 τὰς
965 1653 1073 1742 μάχας
1101 1659 1164 1720 τῶν

226 1759 364 1846 ὀρνίθων,
380 1757 634 1846 διαφθειρόμενον
648 1757 703 1823 καῖ
717 1756 946 1844 διαφθείροντα.

473 2096 627 2164 ἙΤΕΡΑ
654 2091 921 2167 (ΤΠΟΘΕΣΙΣῙ.

292 2249 519 2319 ΠΟΑΕΜΟΣ
535 2247 734 2329 συνειστήκει
750 2247 906 2334 Φιλίππῳ
918 2248 970 2313 καὶ
984 2247 1163 2330 Ἀθηναίοις

224 2357 341 2441 μακρός
347 2357 366 2430 ⁹,
382 2357 418 2438 ἐξ
432 2353 528 2440 οὗπερ
542 2353 693 2439 παραβὰς
713 2352 768 2422 τὰς
785 2351 863 2435 πρὸς
880 2351 990 2424 αὐτοὺς
1005 2354 1163 2434 συνθήκας

224 2461 326 2538 ἔλαβε
344 2457 420 2544 παρ’
442 2455 620 2522 Ὀλυνθίων
638 2455 844 2540 Ἀμφίπολιν,
865 2454 965 2520 οὖσαν
984 2460 1088 2535 κτῆμα
1107 2459 1162 2537 τῆς

224 2561 354 2630 πόλεως·
376 2560 430 2626 καὶ
453 2558 492 2640 ἦν
518 2557 571 2624 ὑπ’
597 2557 776 2627 Ὀλυνθίοις
800 2556 869 2622 καθ’
896 2554 931 2622 ὃν
954 2557 1061 2643 καιρὸν
1087 2557 1162 2623 ἀπέ-

225 2689 350 2744 στησαν
372 2662 425 2727 καὶ
446 2661 478 2726 οῖ
498 2663 669 2750 σύμμαχοι.
714 2659 911 2740 συνειστήκει
933 2658 1037 2724 δὲκαὶ
1059 2659 1162 2746 ἕτερος

224 2769 373 2831 Φωκεῦσι
397 2762 474 2849 πρὸς
499 2763 679 2832 Θετταλοὺς
708 2763 761 2826 καὶ
784 2761 955 2840 Θηβαίους,
980 2767 1073 2828 τοῦτο
1102 2764 1161 2842 μέν

224 2869 297 2953 περὶ
319 2871 375 2932 τοῦ
399 2867 481 2950 ἱεροῦ
501 2870 558 2930 τοῦ
578 2865 684 2930 Πυθοῖ
699 2866 778 2951 πρὸς
800 2864 987 2944 Θετταλούς,
1011 2869 1103 2930 τοῦτο
1126 2865 1160 2930 δὲ

224 2968 303 3053 ὑπὲρ
327 2967 520 3054 Ὀρχομενοῦ
538 2965 591 3031 καὶ
612 2965 788 3050 Κορωνείας
807 2964 886 3051 πρὸς
902 2966 973 3036 τοὺς
988 2968 1160 3047 Θηβαίους·

225 3069 355 3150 εὔδηλον
374 3070 437 3156 γὰρ
460 3068 495 3132 ἐκ
517 3069 571 3148 τῆς
594 3065 733 3152 ἱστορίας
754 3065 802 3130 ’ότι
819 3070 882 3132 τῶν
900 3067 958 3149 μὲν
971 3065 1160 3153 παρείλοντο

255 3261 664 3336 8343&“Thequestion(⁸tatus)
715 3260 780 3310 liber
795 3263 849 3323 περὶ
866 3263 974 3311 στάσεων
989 3263 1015 3309 et
1031 3259 1160 3322 singulare

224 3325 340 3388 (Quintxl.
356 3339 395 3374 111.
411 3324 432 3372 6.
446 3327 470 3384 l)
488 3327 562 3390 turns
575 3340 609 3373 on
620 3326 665 3374 tho
715 3326 791 3385 eaput
804 3329 856 3387 περὶ
866 3329 1014 3386 στοχασμοῦ.

222 3392 279 3465 faut·
298 3390 389 3452 (utrum
409 3391 451 3462 αἰΙ
465 3390 548 3452 neem)
569 3389 621 3452 ααςΙ
641 3389 665 3438 is
747 3390 801 3438 334,
822 3390 855 3463 (1)
869 3390 952 3438 “Ηοο
962 3391 1112 3450 argumento
1121 3405 1160 3439 oa-

222 3451 402 3516 conjecturall’
421 3451 477 3527 λζιιὶ
489 3453 592 3502 Emest.
601 3454 664 3502 Lex.
713 3455 771 3501 rent
790 3453 888 3502 οοὼοοε
903 3468 919 3502 ιι
932 3454 1036 3502 Reiskio
1053 3456 1079 3503 et
1095 3455 1161 3504 Bek-

223 3517 301 3568 ΤεοΙι.
323 3517 413 3566 Graec.
431 3531 460 3564 m
477 3519 552 3574 οὐσία,
575 3536 665 3580 οτοχο·
714 3517 776 3565 kero
795 3518 906 3593 traqtati.
943 3518 1046 3594 ῌοδοαῖ
1063 3518 1116 3579 alii,
1128 3521 1160 3569 ab

223 3585 288 3648 σμόε,
308 3583 398 3632 στάσις.
434 3579 473 3630 01.
491 3581 594 3640 Argum.
617 3584 662 3657 alp.
716 3580 822 3643 Tayloro
843 3585 979 3644 mspeot1.”
995 3584 1075 3636 Dm».
1123 3587 1161 3647 (2)

221 3664 246 3712 p.
259 3645 666 3708 340‚15.-Exstatflermogems
714 3648 794 3709 μικρὸς
813 3645 890 3698 Godd.
908 3648 941 3700 ad
958 3662 1040 3700 unum
1060 3653 1160 3714 praeter
