2692 4168
227 227 288 293 148
533 226 851 296 DEMOSTHENIS
911 292 913 298 ,

224 375 418 464 πεπρακότα,
442 377 525 462 δῶρα
547 378 670 464 ἔχοντα,
694 378 781 446 οὐδὲν
805 377 1018 444 ἐλλελοιπότα
1037 380 1158 469 μοχθη-

223 479 303 564 ρίας.
345 475 456 544 οὐκοῦν
477 476 565 543 ταῦθ’
587 476 775 565 ὑπεσχόμην
796 478 830 542 ἐν
855 474 950 564 ἀρχῇ,
972 476 1059 543 ταῦτ’
1086 479 1155 543 ἐπέ-

155 590 210 650 ¹79
225 582 318 664 δειξα.
362 579 458 667 όριῖτε
475 579 580 648 τοίνυν
596 579 638 646 τό
650 579 732 664 μετὰ
744 583 853 646 ταῦτα’
876 580 999 650 ἁπλοῦς
1012 579 1075 667 γάρ
1090 579 1157 646 ἐσθ’
1174 591 1227 666 198

223 683 240 749 ὁ
259 683 389 766 μέλλων
410 681 504 763 λόγος
524 681 633 748 οὑτοσὶ
652 681 731 766 πρὸς
753 680 834 763 ὑμᾶς
856 680 925 760 ἤδη
970 681 1158 764 ὀμωμόκατε

221 785 417 871 Δψηφιεῖσθαι
437 781 517 850 κατὰ
538 781 609 852 τοὺς
631 781 742 863 νόμους
763 782 817 847 καὶ
838 782 879 846 τὰ
897 783 1098 869 ψηφίσματα
1117 784 1159 848 τὰ

222 893 279 955 τοῦ
293 887 392 969 δήμου
406 885 459 952 καὶ
474 888 528 966 τῆς
541 887 664 966 βουλῆς
681 887 744 951 τῶν
763 885 990 951 πεντακοσίων
1012 885 1156 970 φαίνεται

220 985 247 1051 δ’
263 986 351 1057 οὗτος
370 985 477 1053 πάντα
493 984 644 1053 τάναντία
663 989 727 1055 τοῖς
742 984 854 1068 νόμοις,
870 990 935 1056 τοῖς
949 985 1155 1072 ψηφίσμασι,

219 1092 285 1158 τοῖς
309 1088 439 1158 δικαίοις
461 1087 719 1172 πεπρεσβευκώς·
745 1086 856 1154 οὐκοῦν
876 1087 1031 1170 ἡλωκέναι
1055 1115 1155 1172 προο-

219 1190 288 1270 ήκει
311 1189 459 1275 παράγε
482 1192 554 1254 νοῦν
579 1188 692 1278 ἔχουσι
714 1188 885 1260 δικασταῖς.
929 1191 958 1256 εἰ
982 1190 1043 1275 ιγὰρ
1069 1190 1154 1255 ἄλλο
1171 1219 1225 1275 199

219 1292 316 1375 μηδὲν
336 1291 443 1372 ἠδίκει,
458 1291 512 1357 δόο
533 1294 595 1356 τῶν
616 1291 845 1376 πεπραγμένων
866 1293 933 1358 ἐσθ’
949 1293 1041 1360 ἱκανὰ
1061 1292 1154 1360 αὐτόν

219 1394 411 1462 ἀποκτεῖναι·
434 1393 468 1459 ου’
489 1393 550 1478 γάρ
571 1391 666 1476 μόνον
688 1393 818 1464 Φωκέας
840 1393 1001 1460 ἀλλὰκαὶ
1023 1395 1153 1483 Θρᾴκην

151 1503 206 1558 180
219 1496 395 1584 προδέδωκε
418 1496 583 1582 Φιλίππῳ.
627 1495 729 1562 καίτοι
753 1494 805 1561 δύο
827 1497 1083 1583 χρησιμωτέρους
1104 1499 1154 1563 τό·

218 1626 298 1670 πους
321 1604 376 1682 τῆς
396 1600 576 1681 οἰκουμένης
599 1598 661 1664 οὐδ’
686 1598 726 1664 ἂν
750 1598 793 1667 είς
816 1599 969 1682 ἐπιδείξαι
990 1604 1029 1685 τῇ
1051 1603 1153 1679 πόλει,

218 1700 300 1766 κατὰ
312 1702 370 1785 μὲν
383 1705 443 1784 div
458 1706 584 1780 Πυλῶν,
601 1703 636 1766 ἐκ
651 1701 811 1781 θαλάττης
826 1701 860 1766 δὲ
879 1705 935 1769 τοῦ
949 1701 1154 1784 Ἑλλησπόν-

217 1849 244 1896 p.
261 1836 317 1885 280.
352 1835 512 1901 Aetipulelur
533 1835 598 1888 mihi
621 1835 707 1886 Volo„
728 1835 835 1886 “Mulio
857 1835 941 1897 megin
963 1836 1071 1886 oreiorie
1094 1851 1152 1888 eon-

218 1900 327 1948 iormeie
338 1901 377 1947 eet
387 1898 528 1960 repeliii0.’'

265 1964 345 2023 5198.
381 1963 468 2010 Cobet.
486 1963 519 2010 ed
536 1963 631 2028 Hyper.
651 1963 760 2015 Funebr,
780 1978 806 2025 p.
824 1965 855 2017 72
874 1963 944 2024 jubet
956 1963 1014 2016 iil.
1033 1965 1121 2026 reponi
1138 1967 1151 2016 d

217 2029 313 2086 μέλλων
321 2029 467 2089 ῥηθήσεσθαι
480 2025 561 2087 λόγος,
573 2030 599 2074 ei
610 2027 639 2074 in
654 2027 756 2088 Leptin.
775 2042 801 2088 p.
819 2028 876 2085 479,
895 2030 910 2079 ἰ’
929 2031 958 2077 τὸ
974 2031 1063 2088 μέλλον
1079 2031 1150 2092 dodd-

219 2093 304 2140 σεσθαι
316 2093 412 2150 ἀκούσῃ.
433 2090 538 2149 '“Quid
556 2091 614 2140 siid
627 2092 722 2150 μέλλων
738 2089 821 2154 χρόνος
833 2091 952 2140 novimus
971 2094 996 2140 ei
1014 2095 1041 2142 τό
1062 2096 1151 2150 μέλλον

219 2156 347 2215 φοβεῖσθαι
368 2155 394 2201 et
411 2153 506 2200 similia
527 2153 621 2211 omnia,
650 2154 695 2202 sed
716 2156 729 2203 d
750 2157 845 2212 μέλλων
867 2157 938 2217 λόγος
960 2158 985 2203 et
1008 2158 1098 2205 άκοόειν
1121 2159 1150 2206 τό

216 2221 305 2277 μέλλον
322 2231 403 2276 neque
419 2216 470 2264 diei
487 2217 550 2264 eolel
572 2231 654 2278 neque
679 2218 789 2278 intelligi
815 2218 925 2280 poieei,’'
957 2219 1067 2269 Voemel.
1088 2221 1150 2268 oilei

218 2281 344 2330 Theou.
367 2281 398 2332 76
416 2283 470 2334 τοὺς
490 2283 626 2341 μέλλοντας
648 2280 689 2329 ἀπ’
712 2281 789 2332 αὐτῶν
809 2282 902 2344 λόγους.
944 2282 1016 2330 Addo
1044 2283 1148 2332 Aristoi.

217 2345 293 2394 Rhet.
309 2359 349 2395 11⁸1.
381 2346 419 2405 17,
443 2345 472 2392 15
491 2347 528 2393 δεῖ
545 2347 584 2394 οὖν
605 2347 686 2408 χώραν
706 2349 781 2394 ποιεῖν
804 2349 830 2395 έν
848 2349 884 2407 τῷ
907 2348 936 2395 dx
951 2348 1011 2408 οοιτῇ
1031 2348 1068 2408 ‘roi
1092 2351 1148 2408 μέλ-

216 2412 284 2458 λοντι
302 2411 376 2470 λόγῳ.
412 2407 576 2470 Appellemue
594 2409 688 2456 ilerum
706 2413 813 2470 ροὲιαοι.
847 2410 910 2458 Eur.
957 2411 995 2458 ed.
1013 2411 1060 2460 566
1085 2415 1148 2461 τοῖσι

216 2476 345 2532 μέλλουσιν
367 2475 464 2530 τέκνοις,
487 2472 581 2521 Electr.
601 2475 648 2522 626
670 2475 716 2536 πρό
738 2477 866 2533 μέλλοντος
881 2474 961 2532 τόκον,
978 2474 1036 2586 Ιρλ,
1055 2476 1084 2523 Α.
1101 2476 1148 2526 998

216 2540 278 2586 τοῖσι
289 2540 418 2596 μέλλουσιν
434 2538 528 2598 γάμοις,
541 2537 603 2586 1355
619 2540 663 2596 τὴν
673 2540 732 2596 ἐμὴν
748 2541 883 2596 μέλλουσαν
899 2541 973 2598 εὐνήν,
1002 2540 1049 2587 380
1063 2542 1106 2589 τάς
1121 2557 1149 2587 τι

215 2604 351 2658 μελλούσας
368 2603 489 2663 γυναῖκας.
524 2599 552 2649 Si
568 2602 597 2648 in
613 2601 655 2650 hie
671 2601 738 2650 nihil
755 2603 849 2660 Groeoe
867 2603 1003 2654 scientium
1019 2616 1093 2652 eures
1109 2617 1147 2650 re-

216 2665 340 2726 spuerint,
360 2664 450 2725 quidni
466 2669 479 2714 d
495 2667 590 2724 μέλλων
609 2665 681 2726 λόγος
699 2668 749 2725 (the
769 2670 863 2727 οοπιίηρ
873 2674 935 2729 μανι
951 2668 981 2728 of
993 2681 1033 2729 ιυη
1049 2666 1145 2728 ιριιιλ)

215 2731 364 2790 accepturae
375 2731 560 2778 erenei—ee
572 2732 639 2791 (poet
652 2731 805 2793 ψηφίσματα)
815 2731 901 2780 oereni
908 2744 996 2778 omnes
1007 2729 1066 2782 libri
1076 2743 1146 2789 pree-

214 2796 254 2842 lor
266 2794 290 2844 S.
326 2792 391 2841 Add.
403 2792 487 2840 Bm.
497 2793 535 2854 [el
546 2794 589 2854 οι]
601 2794 649 2842 Eo.
669 2794 759 2842 Temo.
776 2794 854 2842 Dmo.
873 2793 957 2842 Vedio.
992 2793 1059 2842 Sene
1074 2791 1147 2841 iaoile

214 2857 326 2906 excidere
350 2856 435 2918 potuit
459 2857 517 2916 poet
539 2875 620 2915 -μκτα,
659 2857 709 2907 Sed
731 2857 770 2908 bie
787 2857 912 2908 omittitur
931 2857 959 2904 in
979 2855 1147 2915 Jurejureodo

215 2922 283 2983 quod
298 2922 391 2970 citetur
408 2920 516 2968 Timoor.
533 2935 557 2982 p.
577 2921 624 2973 746
640 2925 653 2982 ξ
672 2923 725 2975 149,
757 2920 849 2983 [Hodie
870 2919 953 2982 reoepi
972 2918 1040 2980 quod
1061 2919 1146 2979 Jueju·

214 2986 324 3036 rendum
339 2984 405 3034 iilud
423 2987 569 3045 euepeoium
586 2987 824 3047 θείη-ἡλωκέναι
836 2984 861 3035 S.
874 2985 903 3034 Y.
917 2984 943 3032 k.
952 2997 971 3032 r.
984 2997 1003 3032 e.
1013 2980 1054 3031 Al.
1071 2984 1145 3032 ἑαλω-

215 3052 280 3098 κέναι
290 3051 366 3112 vulgo
377 3052 402 3098 ei
414 3064 429 3097 a
440 3063 475 3096 m.
488 3062 536 3096 seo.
550 3048 575 3099 S.
608 3049 750 3110 Augmento
769 3048 846 3108 Soph.
858 3048 947 3108 Eurip.
959 3060 1013 3093 non
1027 3048 1145 3095 utuntur.

215 3112 319 3162 ἑάλωκεν
331 3114 366 3177 (εἴ)
379 3112 495 3174 Aeeohyl.
511 3113 597 3173 Agem.
613 3115 652 3160 30.
686 3111 736 3162 Sed
746 3127 805 3160 eum
816 3110 943 3171 Aristoph.
955 3111 1031 3172 Veep.
1045 3111 1092 3159 355
1105 3112 1146 3159 ὅτε

214 3177 292 3236 Νάξος
304 3177 368 3226 έάλω
376 3179 411 3237 (ά)
421 3176 547 3238 praebeat,
557 3179 621 3237 pulo
631 3176 721 3224 Aeeoh.
732 3175 921 3226 restituendum
931 3175 1032 3235 ἥλωκεν,
1042 3177 1072 3224 ul
1080 3176 1146 3224 retio

213 3239 320 3288 metrioa
332 3243 439 3290 oonetel.
474 3241 527 3300 ἤλω
537 3241 614 3290 Hom.
629 3240 674 3290 Od.
688 3253 749 3292 xx11.
765 3241 820 3288 230.

212 3363 358 3413 -οὑκοΰν
361 3401 418 3414 ......
422 3366 541 3427 ἐπέδειξα]
567 3364 655 3415 “This
703 3365 841 3414 statement
851 3361 912 3412 here
928 3363 981 3414 leid
998 3363 1081 3414 beiore
1094 3379 1146 3428 you

211 3429 300 3478 thenI
311 3428 423 3489 engaged
434 3430 461 3476 to
472 3444 548 3490 prove
566 3432 593 3477 et
609 3429 654 3476 the
702 3427 768 3478 from
777 3427 830 3476 thie
840 3427 938 3489 point?

212 3495 296 3542 outsel
308 3493 360 3558 (did
372 3493 387 3540 I
397 3494 476 3554 noll),
492 3493 546 3542 thie
556 3493 571 3540 I
581 3506 654 3554 prov·
734 3495 747 3552 5
760 3493 814 3541 199.
848 3493 995 3554 defenduat]
1010 3493 1065 3542 The
1074 3507 1145 3542 seme

211 3558 243 3608 ed
254 3561 268 3584 ”
702 3553 762 3604 bold
781 3556 859 3616 figure
876 3556 898 3604 ie
916 3557 1047 3619 employed
1066 3557 1144 3606 above

244 3595 320 3684 ’ςιοο
350 3620 440 3670 eoves
442 3657 500 3669 ......
503 3619 558 3681 ἤδη]
579 3619 654 3668 “eor
702 3620 970 3679 §lli—noo:
996 3621 1143 3680 ἀναπα-

212 3683 425 3750 etreighiiorwerd
451 3682 474 3734 ie
497 3697 541 3745 my
567 3683 653 3734 inimo
702 3684 754 3747 τοῦ]
782 3686 882 3736 “Thau
903 3683 1085 3748 Thermopylae
1111 3684 1144 3746 by
