2644 4156
620 197 639 260 3

159 349 215 420 τάς
230 349 283 416 δύο
297 350 406 418 πόλεις
420 346 604 429 γειτνιώσας
619 346 731 422 αὑτοῖς,
748 346 928 417 Θετταλούς
943 346 976 412 δὲ
990 374 1097 433 παρω-

158 449 304 530 σάμενοι3
323 449 380 530 τὴν
397 448 653 532 Ἀμφικτυονίαν,
674 447 731 514 άτε
750 451 783 514 ἐν
801 449 884 534 μέσῃ
900 449 1020 514 Φωκίδι
1034 452 1096 514 τῶν

159 551 192 613 ἐν
206 543 344 631 Δελφοῖς
360 549 447 636 ἱερῶν
462 550 652 634 ἱδρυμένων.
696 550 802 631 ἐπειδὴ
817 550 850 615 δὲ
864 550 966 616 πολύν
980 549 1095 637 χρόνον

159 655 362 733 ἐπολέμησαν
376 653 454 738 πρὸς
473 652 600 724 ἑαυτούς
617 652 780 734 Ἀθηναῖοι
795 653 847 718 καὶ
862 653 1035 728 Φιλιππος,
1051 656 1096 738 τῷ

158 753 261 841 χρόνῳ
283 756 340 836 την
362 753 485 838 εἰρήνην
508 753 649 839 ἐκάτεροι
677 759 780 819 ποιεῖν
809 752 989 832 ἐβούλοντο,
1020 750 1095 816 ἀλλ’

158 851 305 937 ὁπότερος
319 859 419 920 ταῦτα
433 855 665 940 προβάλλοιτο,
677 854 834 943 αἰσχύνην
848 853 934 940 ἔχειν
945 851 1091 934 ἐνόμιζον.

158 955 386 1037 Ἀριστόδημος
409 955 443 1020 δὲ
475 957 527 1020 καὶ
553 956 776 1039 Νεοπτόλεμος
800 956 804 1044 Ι
826 955 995 1039 ὑποκριταὶ
1020 981 1094 1039 τρα-
1115 967 1173 1033 335

158 1055 271 1140 γῳδίας
286 1057 467 1147 ἐτύγχανον,
484 1056 569 1122 οὗτοι
583 1056 634 1122 διὰ
649 1055 705 1138 τὴν
725 1057 842 1123 οἰκείαν
858 1056 973 1144 τέχνην
987 1055 1095 1120 ἄδειαν

159 1155 244 1244 εἰχον
259 1156 392 1237 ἀπιέναι,
409 1157 503 1223 όπου”
523 1157 562 1224 ἀν
582 1159 771 1236 βούλωνται,
791 1157 878 1223 ἀλλά
897 1158 933 1238 δὴ
948 1157 1094 1245 καὶπρὸς

157 1263 335 1344 πολεμίους.
379 1259 570 1350 ἀπελθόντες
588 1258 642 1325 οὖν
659 1260 745 1325 οὗτοι
762 1260 805 1330 εἰς
824 1260 881 1340 την
896 1259 1096 1325 Μακεδονίαν

159 1357 355 1442 ἐπεδείξαντο
375 1360 431 1439 τὴν
449 1359 566 1426 οἰκείαν
586 1360 709 1448 τέχνην,
731 1360 784 1424 καὶ
801 1358 880 1424 ούτω
896 1360 1095 1446 φιλοφρόνως

159 1460 267 1530 αύτούς
282 1460 407 1542 ἐδέξατο
426 1460 600 1539 Φιλιππος,
617 1461 698 1526 ὥστε
715 1460 794 1546 πρός
812 1465 876 1530 τοῖς
891 1461 1003 1532 ἀλλοις
1017 1463 1095 1549 χρή·

157 1588 239 1642 μασι
254 1563 307 1627 καὶ
317 1558 409 1626 ’άλλα
424 1563 459 1627 ἐκ
472 1567 534 1628 τῶν
548 1562 668 1628 οἰκείων
682 1567 834 1648 παρεῖχεν
849 1561 959 1632 αύτοῖς.
987 1563 1094 1627 αἰσθά-

157 1686 248 1739 μενος
263 1659 296 1723 δὲ
309 1657 491 1739 μελλόντων
504 1659 740 1744 πρεσβεύεσθαι
754 1661 832 1744 πρὸς
847 1659 940 1725 αὑτὸν
955 1661 1094 1724 Φωκέων

159 1759 211 1822 καί
227 1761 398 1824 Θετταλῶν
412 1760 465 1823 καὶ
480 1759 640 1839 Θηβαίων,
654 1757 815 1839 ἐβουλήθη
826 1757 896 1827 τούς
910 1757 1094 1838 Ἀθηναίους

158 1860 366 1941 ἐξαπατῆσαι.
413 1860 466 1925 καὶ
488 1860 602 1940 ταύτης
623 1863 678 1939 τῆς
699 1859 890 1944 προφάσεως
904 1858 1093 1945 δραξάμενος

158 1960 334 2038 Φίλιππος,
358 1960 508 2025 ἀπολύων
529 1959 760 2047 Ἀριστόδημον
782 1961 836 2025 καὶ
858 1963 1092 2044 Νεοπτόλεμον,

157 2057 264 2139 ἐλεηεν
287 2058 391 2128 αύτοῑς
413 2059 462 2123 ότι
487 2060 581 2144 φιλος
605 2058 668 2138 εἰμὶ
691 2059 877 2141 Ἀθηναίοις.
921 2063 1039 2143 συνέβη
1060 2062 1094 2128 δὲ

157 2159 258 2224 πάλιν
281 2186 313 2224 τι
336 2165 477 2225 τοιοῦτον
500 2159 657 2242 γενέσθαι.
700 2160 833 2245 Φρύνων
856 2188 904 2231 τις
928 2162 1093 2243 Ἀθηναῖος

158 2265 259 2331 ἀπιῶν
272 2265 508 2346 Ὀλυμπίασιν8
522 2266 778 2350 ἀηωνισόμενοςῆ
794 2268 988 2350 θεασόμενος,
1005 2273 1093 2358 ἐκρά-

157 2368 237 2449 τήθη
259 2366 320 2432 ὑπό
342 2394 435 2434 τινων
458 2371 660 2454 στρατιωτῶν
683 2371 737 2433 τοῦ
763 2371 933 2436 Φιλίππου
957 2374 989 2438 ἐν
1016 2374 1092 2457 ἱερο-

157 2470 260 2556 μηνίᾳ,
281 2472 334 2534 καὶ
355 2470 496 2556 ἀφῃρέθη
518 2470 625 2536 πάντα
645 2469 685 2535 τά
703 2469 806 2537 αὑτοῦ.
851 2474 904 2538 καὶ
927 2473 1028 2539 ελθῶν
1049 2476 1091 2544 εἰς

158 2571 293 2651 Ἀθήνας
318 2574 491 2659 παρεκάλει
517 2573 587 2644 τούς
615 2573 807 2655 Ἀθηναίους,
839 2577 889 2642 ἵνα
916 2576 1093 2665 χειροτονή-

158 2700 260 2737 σωσιν
274 2674 368 2739 αὑτὸν
382 2675 593 2757 πρεσβευτην,
609 2675 695 2747 ὅπως
710 2676 858 2742 ἀπελθῶν
877 2678 955 2764 πρός
974 2677 1092 2743 Φίλιπ-

157 2800 219 2838 πον
241 2774 331 2858 λάβῃ
354 2773 435 2859 άπερ
459 2774 610 2861 ἀφῃρέθη·
640 2776 693 2840 καὶ
718 2777 901 2846 πεισθέντες
925 2774 1089 2857 Ἀθηναῖοι

159 2877 397 2962 ἐχειροτόνησαν
419 2875 512 2940 αύτδν
533 2876 586 2941 καὶ
609 2880 835 2961 Κτησιφῶντα·
862 2878 914 2941 καὶ
937 2877 1092 2945 ἐλθόντων

159 2979 259 3044 αύτῶυ
281 2967 325 3048 εἰς
350 2978 551 3044 Μακεδονίαν
574 2979 773 3065 φιλοφρόνως
796 2978 906 3049 αύτούς
928 2981 1053 3063 ἐδέξατο
1076 2981 1092 3047 ὁ

159 3081 332 3157 Φίλιππος,
348 3080 429 3147 ὥστε
444 3082 497 3146 καὶ
511 3080 552 3146 τά
567 3081 776 3167 ἀφαιρεθέντα
786 3081 848 3146 ὑπὸ
861 3085 924 3148 τῶν
938 3110 1091 3172 στρατιω-

159 3189 221 3250 τῶν
245 3184 352 3250 πάντα
370 3183 542 3251 ἀποδοῦναι
560 3185 644 3272 αύτῷ
663 3185 717 3250 καὶ
734 3185 769 3248 ἐκ
786 3188 849 3248 τῶν
866 3186 987 3252 οἰκείων
1005 3187 1093 3254 ἀλλα

157 3406 201 3450 am.
234 3401 389 3451 Emendavit
421 3404 505 3452 Bm.
565 3404 599 3468 (3)
651 3417 738 3452 corum
748 3401 1090 3465 Delphisfuit,”50mm.

160 3466 294 3514 somma
307 3467 395 3515 laudat
405 3467 538 3516 Demosth.
550 3469 599 3516 111.
682 3469 738 3519 335.
790 3469 823 3530 (ὅ)
860 3470 987 3520 “Rectius
1015 3471 1091 3520 ὄποι”

158 3529 270 3590 Philipp.
290 3532 387 3590 p.119,
405 3535 435 3582 17
457 3534 470 3591 ἕ
491 3533 530 3581 32.
565 3533 599 3593 (4)
651 3531 759 3582 Scmr.
794 3533 828 3596 (6)
840 3535 1090 3593 ὈλυμτιᾶοινΒακκ

158 3596 279 3655 ἱδρυμένην
288 3595 355 3655 vulg.
365 3599 425 3643 aute
435 3595 517 3643 Bm.
531 3601 546 3624 ‘⁸
556 3596 599 3644 In-
635 3637 637 3644 .
650 3598 809 3657 Ὀλυμπίασιν
818 3599 899 3648 Bm
915 3600 948 3648 st.

158 3657 245 3718 tellige
266 3656 389 3718 quidquid
412 3673 541 3708 sacrorum
562 3661 598 3710 lo·

925 3760 1006 3822 1-2
