2716 4146
389 229 448 293 DE
477 230 619 294 FALSA
647 231 911 297 LEGATIONE.
1056 238 1117 304 179

183 384 295 450 ἀδικῶν
316 385 499 472 ἐφοβούμην
519 385 579 468 lyd
600 386 644 468 μὴ
666 385 720 451 διὰ
738 387 864 457 τούτους
883 387 1061 472 ἀπόλωμαι,
1085 421 1117 459 τι

182 488 309 560 τούτους
323 490 478 574 προσήκει
493 489 606 554 παθεῖν
614 488 684 559 τούς
694 487 804 558 αύτούς
818 489 1020 572 ἠδικηκότας;
1040 493 1115 558 ἀλλ’

113 609 167 669 245
182 591 218 657 ού
236 592 288 656 διὰ
306 598 413 658 ταῦτα.
438 591 526 657 ἀλλὰ
539 592 590 657 διὰ
609 593 642 658 τί
660 620 720 659 σου
734 598 910 679 κατηγορῶς
928 601 1114 681 συκοφαντῶ
1128 615 1183 654 222

181 693 217 773 νὴ
228 693 289 774 Δι’,
307 692 342 758 ἵν’
355 693 502 779 ἀργύριον
512 694 607 770 λάβω
619 693 706 780 παρὰ
718 700 786 759 σοῦ.
809 695 863 760 καὶ
874 696 1006 780 πότερον
1017 703 1114 783 κρεῖτ-

181 821 235 858 τον
248 793 286 874 ἦν
299 820 353 875 μοι
375 793 464 879 παραὶ
483 793 653 858 Φιλίππου
673 796 787 871 λαβεῖν
805 799 862 859 τοῦ
880 794 1016 867 διδόντος
1031 799 1116 862 πολύ

180 894 233 958 καὶ
248 894 375 986 μηδενὸς
394 895 512 959 τούτων
531 893 673 968 ἔλαττον,
690 895 743 958 καὶ
762 894 856 978 φίλον
874 893 1015 961 κάκεῖνον
1030 898 1115 986 ἔχειν

180 993 233 1057 καὶ
247 995 375 1064 τούτους
390 994 486 1079 (ἦσαν
503 994 564 1080 γὰρ
585 996 630 1071 ἄν,
652 994 735 1076 ἦσάν
755 1022 809 1078 μοι
830 996 921 1079 φίλοι
935 1003 998 1062 τῶν
1013 1000 1114 1065 αύτῶν

180 1095 424 1176 κεκοινωνηκότι·
455 1095 522 1161 οὐδὲ
538 1097 600 1182 γὰρ
619 1099 672 1161 νῦν
692 1095 811 1184 ἔχθραν
830 1098 986 1182 πατρικὴν
1001 1099 1116 1187 ἔχουσι

179 1198 257 1284 πρός
273 1225 321 1281 με,
339 1197 413 1262 ἀλλ’
429 1196 477 1261 ὅτι
496 1200 557 1262 τῶν
576 1196 806 1280 πεπραγμένων
822 1198 857 1272 ού
870 1199 1076 1288 μετέσχηκα),
1092 1201 1112 1282 ἢ

179 1299 268 1383 παρὰ
289 1298 406 1362 τούτων
427 1295 481 1382 ἀφ’
503 1296 545 1362 (δν
566 1296 719 1382 εἰλήφασι
740 1303 904 1378 μεταιτεῖν,
927 1299 1057 1385 κάκείνῳ
1079 1328 1114 1366 τε

180 1400 293 1487 ἐχθρὸν
314 1399 392 1465 εἶναι
414 1401 466 1464 καὶ
489 1397 627 1478 τούτοις;
649 1398 702 1463 καὶ
724 1397 795 1469 τούς
815 1400 873 1481 μὲν
890 1401 1114 1490 αἰχμαλώτους

1056 1499 1061 1526 Ι

179 1602 262 1649 locum
281 1600 385 1662 praebet
401 1601 461 1662 Lys.
478 1600 509 1648 de
527 1598 658 1648 Eratostb.
679 1600 754 1647 (laed.
774 1603 787 1660 ξ
806 1601 838 1647 40
855 1615 880 1661 p.
900 1601 929 1650 95
954 1601 1057 1650 sa=43
1079 1603 1108 1653 R

180 1669 324 1726 ἐνθυμήθητε
342 1669 386 1722 ὅτι,
408 1668 428 1712 εἰ
448 1668 471 1714 ἐν
488 1667 563 1725 ἐκείνῃ
582 1667 614 1724 τῇ
629 1667 692 1712 νυκτὶ
710 1667 758 1725 ἐγὼ
776 1667 932 1726 ἐπεβούλευον
948 1665 1112 1727 Ἐρατοσθένει

180 1733 304 1789 πότερον
315 1731 343 1788 ἦν
358 1748 398 1786 μοι
409 1732 513 1789 κρεῖττον
525 1728 590 1788 αύτῷ
603 1731 698 1789 ἑτέρωθι
714 1730 812 1776 δειπνεῖν
827 1729 842 1788 ἢ
857 1731 898 1777 τδν
913 1731 1112 1790 συνδειπνήσοντά

179 1813 219 1853 μοι
241 1797 392 1854 εἰσογαγεῖν;
417 1794 444 1840 Is
464 1806 563 1853 quoqne
579 1792 649 1839 locus
669 1796 741 1839 erant
761 1807 824 1852 qnos
842 1793 988 1841 offenderet.
1022 1795 1111 1855 Itaque

180 1861 216 1907 δτι
238 1861 282 1906 aut
303 1856 477 1915 eliminabant,
502 1864 531 1904 ct
553 1872 569 1904 α
586 1857 699 1904 librariis
718 1856 748 1916 (t)
767 1857 917 1918 projectam:
944 1860 989 1905 aut
1011 1857 1112 1907 aiebant

179 1938 242 1970 more
267 1925 360 1970 Graeco
383 1929 407 1969 ct
423 1924 507 1969 Attico
530 1922 664 1969 abundare.
700 1919 766 1967 Novi
786 1919 815 1967 in
838 1923 880 1970 οἶδ’
903 1923 939 1970 ὅτι
961 1922 1111 1982 particulam

180 1985 314 2046 aliquoties
341 1987 481 2034 abundare:
515 1983 543 2031 in
571 1984 716 2042 ἐνθυμήθητε
738 1987 775 2032 ὅτι
800 1985 886 2032 nullus
909 1985 989 2034 credo.
1028 1986 1111 2035 Lubet

179 2050 284 2097 tertium
300 2050 384 2097 locum
399 2050 429 2096 in
443 2048 557 2096 medium
571 2048 682 2108 prolerre
696 2047 807 2108 Thucyd.
822 2062 855 2096 ιτ.
869 2049 908 2106 92,
928 2053 1000 2108 δεῖξαι
1011 2053 1109 2100 tum...

180 2115 329 2163 κτοίσθωοον.
362 2113 395 2160 At
414 2113 483 2160 onim
497 2112 534 2160 ibi
552 2112 602 2160 alia
622 2114 661 2160 est
678 2111 743 2159 ratio
760 2115 912 2163 anccolctbi.
941 2113 1043 2162 Fateor:
1067 2115 1111 2162 sed

180 2176 327 2238 neutiquam
337 2177 393 2224 ideo
407 2177 488 2224 lenior
499 2177 578 2223 immo
589 2175 721 2236 aliquanto
731 2175 872 2226 violentior.
911 2178 947 2226 Ut
958 2178 991 2226 ad
1006 2179 1110 2227 Demos·

179 2242 284 2288 thenem
294 2240 407 2288 redeam:
425 2241 547 2301 putabam
559 2239 654 2300 ntique,
668 2239 711 2299 qui
728 2239 838 2288 Graecas
852 2241 939 2289 literas
958 2241 1111 2303 primoribus

179 2305 257 2353 labris
276 2305 413 2366 attigerint,
431 2319 464 2352 ne
482 2319 524 2352 eos
544 2304 645 2364 quidem
663 2305 770 2364 duplicia
792 2307 966 2365 interropotici
985 2307 1111 2354 rationem

179 2383 232 2416 non
252 2371 410 2430 perspectam
431 2369 606 2428 cognitamque
627 2367 703 2414 hodie
718 2367 849 2415 habuisse:
873 2369 993 2417 uectore
1013 2370 1056 2430 qui
1072 2373 1111 2430 (ut

180 2433 294 2493 exemplo
310 2434 377 2494 utar)
394 2433 422 2479 in
444 2433 482 2492 τῷ
498 2435 524 2479 τί
542 2435 616 2480 ποιεῖν
633 2431 690 2480 αύτδ
708 2435 812 2490 πέφυκεν
827 2431 843 2491 ἢ
863 2435 903 2492 τῷ
920 2435 948 2480 τί
965 2437 1049 2482 παθεῖν
1066 2435 1111 2482 ύπδ

180 2501 231 2546 τοῦ
252 2497 324 2559 (Plat.
343 2495 448 2546 Phaedr.
471 2498 517 2546 270
537 2496 569 2555 D)
587 2493 653 2542 nihil
676 2495 823 2542 offensionis
841 2495 961 2553 habeant,
983 2496 1060 2544 iidem
1081 2497 1111 2546 in

181 2561 286 2610 σκοπεῖτ’
312 2563 332 2608 εἰ
336 2598 392 2609 ......
396 2563 419 2607 τί
441 2559 554 2620 προσήκει
581 2561 665 2607 ποθεῖν
685 2557 826 2608 haererent.
870 2558 993 2608 Schaefer.
1013 2563 1108 2620 tamen,

103 2649 108 2658 ·
180 2625 248 2685 quod
265 2624 372 2683 mireris,
386 2625 493 2685 duplicia
510 2625 684 2683 interropotioi
702 2636 778 2670 usum
793 2622 897 2671 damnat
916 2626 941 2672 et
956 2623 1020 2672 odit.
1053 2624 1108 2674 Vid

182 2690 241 2736 intr.
254 2687 373 2747 ad5269.

228 2754 305 2812 3245.
339 2753 492 2811 συκοφαντῶν
513 2750 541 2800 0.
577 2749 611 2798 In
633 2749 657 2800 S.
681 2752 862 2810 “cvaouewda
880 2753 975 2799 ἰδιιι-ιι
996 2765 1034 2811 pr.
1057 2754 1110 2799 m.”

180 2818 256 2866 Dmo.
271 2823 286 2844 ‘⁸
295 2817 436 2876 συκοφαντῶ
447 2819 508 2863 vatic
519 2829 557 2874 pr.
574 2817 602 2867 Σ.
620 2814 691 2874 prius
703 2833 710 2862 ι
721 2815 749 2861 in
764 2833 779 2872 η
794 2817 933 2862 correctum
946 2817 1011 2864 est.''
1022 2815 1107 2865 Vosu.

181 2884 208 2941 νὴ
221 2884 266 2930 Δία
276 2880 319 2928 bio
330 2879 514 2928 voum—da
532 2878 599 2941 (post
616 2877 676 2938 ἦσαν
688 2879 746 2940 γὰρ)
759 2893 807 2927 om.
826 2893 846 2928 r.
861 2894 880 2928 s.
894 2878 933 2926 ΑΙ.
947 2883 988 2938 am.
1024 2879 1111 2927 Potuit

181 2960 241 2994 sane
263 2947 321 3006 post
343 2944 391 3005 γάρ
407 2942 479 2990 iacile
499 2946 543 2990 aut
561 2942 671 3002 irrepere
699 2945 743 2990 aut
771 2943 891 2992 excidere.
928 2943 955 2990 Si
977 2943 1039 3000 ἦσαν
1060 2943 1077 2992 i.
1085 2957 1110 3003 q.

181 3013 281 3068 ἔμελλον
300 3011 357 3056 εἶναι
378 3022 430 3054 non
449 3005 606 3054 desideratur
620 3006 757 3066 particula:
784 3007 828 3054 sed
846 3006 1034 3067 perspicuitatis
1052 3021 1111 3067 ergo

125 3093 130 3110 ¹
181 3073 207 3122 h.
216 3074 234 3120 l.
247 3073 333 3120 addita
344 3086 406 3132 opus
418 3072 587 3130 est—apte
597 3088 627 3127 με
636 3069 659 3118 S.
674 3070 704 3116 Y.
737 3070 795 3131 τρῖς
806 3073 848 3129 ἐμὲ
863 3071 1112 3130 vulgo—bicolor

182 3137 208 3186 S.
220 3137 250 3184 Y.
262 3137 286 3186 k.
298 3151 319 3184 s.
330 3135 370 3184 Ab
383 3138 408 3184 et
419 3153 459 3197 γρ.
472 3135 503 3184 F.
537 3137 656 3182 λύσασθαι
672 3134 755 3194 vulgo.

181 3302 330 3352 committed
353 3302 397 3351 the
423 3303 531 3363 wrong.''
573 3302 620 3351 See
670 3302 972 3350 forwerdasaaommon
988 3303 1112 3354 informor

181 3371 272 3418 donoc.
287 3369 347 3416 Urit.
380 3367 440 3417 Jotn
459 3367 541 3416 αὐτούς
559 3366 621 3414 with
670 3365 822 3426 thatImay
832 3366 927 3414 receive
942 3375 1035 3430 money
1046 3369 1112 3418 from

181 3433 226 3482 the
243 3431 375 3492 participle
391 3445 419 3479 as
437 3431 514 3479 above
534 3435 545 3491 ἓ
564 3431 619 3486 226.
670 3445 728 3491 you,
744 3431 825 3478 which
839 3445 889 3493 μου
908 3433 988 3478 would
1002 3448 1056 3495 pay
1075 3449 1112 3482 me

181 3497 254 3558 Lept.
263 3510 289 3557 p.
297 3496 344 3544 459
357 3497 370 3554 ἕ
383 3496 404 3556 9,
420 3495 526 3542 Timocr.
539 3509 562 3555 p.
574 3494 622 3546 714
672 3501 696 3542 to
723 3495 784 3555 drop
808 3494 1114 3556 proceediaps.''-rod

182 3562 195 3618 ς
206 3563 244 3610 43,
672 3558 781 3618 διδόντος]
794 3557 846 3606 Not
854 3561 908 3606 who
918 3574 988 3620 poce,
1000 3560 1046 3608 but
1057 3564 1111 3610 ιολο

214 3624 295 3684 5245.
320 3622 553 3686 συκοφαντῶνὴΔὶ’]
573 3623 621 3672 “It
672 3624 770 3683 offered.
805 3623 838 3672 So
858 3625 933 3671 ἐδίδου
956 3625 1040 3684 §183‚
1062 3624 1113 3673 and

181 3691 235 3739 will
256 3689 282 3737 be
309 3688 367 3736 aoid
393 3689 414 3749 (ἕ
434 3686 488 3748 174)
512 3687 526 3733 Ι
551 3701 622 3736 come
672 3687 835 3748 διδοδι5184.
873 3686 1040 3739 SoDoanns:
1056 3687 1113 3737 who

926 3789 1027 3850 12-‘2
