2716 4146
390 214 468 292 ,DE
497 213 638 282 FALSA
666 215 925 282 LEGATIONE.
1071 216 1133 286 187

200 369 243 441 εἰς
259 368 385 435 ἅπαντα
398 371 452 436 τὸν
465 372 545 454 μετὰ
560 377 661 437 ταῦτα
674 371 797 459 χρόνον,
812 371 946 456 πότερον
960 370 1134 459 χρημάτων

200 469 342 558 αἰσχρῶς
357 470 435 555 ὑπὲρ
449 475 512 536 τῶν
532 472 655 558 ἐχθρῶν
669 475 859 556 πρεσβεύειν
874 472 1016 542 ἅπαντας
1030 498 1131 559 πρασ-

199 571 268 650 ήκει
285 570 303 651 ἢ
327 577 442 657 προῖκα
457 571 536 659 ύπέρ
559 574 643 653 ὑμῶν
658 574 699 638 τὰ
712 577 872 652 βέλτιστα
886 573 1132 659 ἀδωροδοκήτως.

131 691 146 728 2
152 674 189 746 58
200 673 288 737 ἀλλὰ
311 672 372 755 μὴν
393 675 468 758 περὶ
492 676 549 755 μὲν
573 679 634 740 τῶν
663 674 773 741 ἄλλων
799 677 917 746 οὐδενὸς
942 677 1132 764 προσδεῖσθε
1146 699 1199 754 233

199 772 366 859 μάρτυρος·
396 774 435 844 ὦς
458 773 491 839 δὲ
512 774 565 839 τὸν
587 775 651 841 υἱὸν
673 777 818 862 ἔπεμψεν
840 777 856 840 ὁ
879 777 1018 864 Φρύνων,
1041 777 1133 841 κάλει

198 901 253 956 μοι
267 875 385 940 τούτων
399 877 469 946 τούς
483 876 652 963 μάρτυρας.

262 978 380 1041 Τοῦτον
398 979 456 1059 μὲν
479 981 582 1044 τοίνυν
604 978 659 1048 οὐκ
678 982 797 1066 ἔκρινεν
817 981 984 1066 Αἰσχίνης,
1007 977 1056 1045 δτι
1080 981 1134 1046 τὸν

170 1124 172 1130 ‚
199 1075 294 1142 αὑτοῦ
313 1078 412 1143 παῖδα
432 1079 480 1142 ἐπ’
496 1079 634 1166 αἰσχύνη
653 1081 731 1166 πρὸς
749 1082 916 1147 Φίλιππον
930 1081 1083 1167 ἐπεμψεν·
1106 1081 1135 1146 εἰ

199 1176 233 1241 δέ
254 1203 301 1245 τις
324 1177 366 1243 ὢν
388 1177 435 1264 ἐφ’
458 1177 583 1249 ἡλικίας
605 1179 712 1264 ἑτέρον
733 1181 872 1259 βελτίων
896 1179 954 1260 την
976 1179 1066 1256 ἰδέαν,
1089 1178 1133 1260 μὴ

198 1279 399 1364 προϊδόμενος
411 1279 466 1362 τὴν
477 1283 513 1364 ἐξ
527 1281 642 1361 ἐκείνης
657 1287 712 1363 τῆς
727 1284 834 1369 ὄψεως
847 1282 1004 1369 ὑποψίαν,
1019 1282 1132 1363 ἰταμώ-

199 1408 288 1466 τερον
309 1386 354 1468 τῴ
373 1383 454 1464 μετὰ
474 1386 573 1449 ταῦτα
595 1384 754 1470 ἐχρήσατο
774 1384 846 1472 βίῳ,
862 1391 972 1451 τοῦτον
991 1386 1001 1472 Ι
1015 1385 1056 1457 ὦς
1077 1411 1131 1450 πε·
1142 1412 1207 1472 414

199 1487 406 1570 πορνενμένον
421 1487 566 1571 κέκρικεν.

132 1607 145 1643 2
151 1603 187 1662 59
263 1588 345 1673 Φέρε
365 1587 402 1669 δὴ
419 1590 492 1673 περὶ
510 1593 564 1669 τῆς
586 1588 757 1658 ἑστιάσεως
777 1588 830 1653 καὶ
848 1593 904 1653 τοῦ
920 1590 1131 1673 ψηφίσματος
1145 1620 1158 1656 2
1163 1619 1201 1674 34

199 1689 285 1752 εἴπω·
313 1693 426 1773 μικροῦ
447 1715 491 1771 ηε,
508 1687 530 1753 ίὶ
550 1689 696 1772 μάλιστα
713 1690 745 1771 μ’
762 1689 822 1753 ἔδει
837 1690 915 1774 πρὸς
930 1689 1010 1772 ὑμᾶς
1024 1690 1130 1766 εἰπεῖν,

199 1792 370 1878 παρῆλθον.
407 1795 461 1872 τῆς
480 1793 606 1876 πρώτης
625 1793 740 1872 ἐκείνης
758 1795 932 1878 πρεσβείας
949 1792 1079 1878 (γράφων
1096 1792 1132 1854 τὸ

245 1979 323 2040 5258.
356 1982 399 2039 μὲν
420 1979 487 2042 (ente
506 1981 553 2027 τῶν
573 1978 660 2041 αλλων]
681 1993 732 2028 om.
757 1979 783 2027 S.
803 1978 852 2026 En.
870 1977 959 2026 Turn.
981 1977 1131 2025 Voren—

197 2043 258 2092 Post
274 2046 391 2106 μάρτυρας
407 2043 463 2090 edd.
481 2043 540 2091 libri
556 2047 681 2105 μάρτυρεςι
700 2042 743 2090 sed
757 2044 824 2090 reete
836 2057 885 2092 om.
899 2043 949 2088 En.
967 2043 1030 2090 Tur.
1045 2042 1129 2090 Vonn.

197 2107 254 2157 Vid.
277 2111 290 2168 ἓ
312 2108 365 2157 235.
399 2110 514 2169 αἰσχύνην
536 2110 662 2155 correctus
683 2107 855 2155 Ε-είδέαν
875 2107 1132 2167 Ε.-προειδ6μενος

196 2172 264 2230 vulg.
281 2172 340 2219 ante
357 2172 436 2218 Bm.
455 2171 522 2232 quod
540 2172 616 2219 nihili
636 2173 683 2219 est.
718 2171 792 2231 (Nem
813 2173 915 2220 είδεσθαι
931 2170 959 2217 in
973 2173 1044 2232 poert
1060 2173 1086 2218 et
1102 2170 1131 2218 in

197 2235 282 2283 Ioniee
294 2235 459 2283 eeribentibue
471 2235 563 2284 Herod.
575 2250 610 2283 τι.
619 2235 657 2294 69,
669 2249 715 2282 v11.
728 2235 838 2282 tetidem
849 2235 915 2282 velet
927 2237 1001 2293 atque
1014 2238 1098 2283 εἰκέναι
1109 2249 1129 2282 e.

198 2303 353 2361 προσεικέναι,
366 2314 415 2359 eg.
430 2299 546 2361 Aeschyl.
559 2299 647 2360 Agem.
659 2303 690 2350 rt
693 2301 725 2360 1.)
759 2299 831 2346 Idem
845 2298 966 2346 mendum
977 2298 1005 2345 in
1017 2297 1130 2360 Thucyd.

198 2375 231 2412 ιτ.
244 2364 283 2420 64,
295 2362 413 2412 Aeschin.
428 2363 554 2412 Timereh.
565 2366 578 2424 ξ
591 2363 637 2412 165
653 2378 679 2424 p.
691 2365 722 2411 23
739 2362 898 2412 St=1641t
915 2376 969 2410 esse
983 2362 1026 2422 qui
1041 2362 1131 2410 etiem-

197 2441 266 2474 nune
278 2428 377 2474 servent
388 2426 482 2474 mirum
494 2430 538 2476 est.

244 2491 323 2550 §tte
356 2490 485 2554 μεδει(εἰο)
500 2491 525 2538 S.
559 2494 605 2540 ἔδει
615 2490 640 2536 k.
653 2505 673 2538 e.
685 2489 776 2540 Akte.
811 2509 842 2550 με
857 2489 982 2538 retentet
992 2490 1059 2550 vulg.
1071 2492 1130 2537 ente

197 2552 472 2615 Βοιεκ-νσρῆλθεν
487 2555 517 2602 Y.
529 2569 550 2602 r.
568 2554 660 2614 “quod
675 2553 732 2602 vide
749 2568 781 2601 ne
800 2556 918 2616 praestet.
952 2557 1016 2602 τουτὶ
1036 2557 1084 2615 γὰρ
1102 2557 1132 2602 οὔ

198 2719 267 2777 oath‚
280 2721 367 2780 strong
378 2733 406 2768 οε
416 2720 513 2767 Ieould
522 2719 597 2768 melre
609 2719 639 2778 it,
720 2722 733 2779 ξ
747 2721 801 2768 258.
836 2721 928 2768 οὐδενὸς
949 2720 1131 2779 προσδεῖσθε...]

196 2783 279 2844 might
300 2798 370 2833 serve
392 2799 420 2832 es
442 2799 458 2830 e.
477 2784 579 2844 remedy
600 2784 640 2831 tor
691 2789 705 2812 ‘⁸
714 2784 770 2831 Yon
788 2786 856 2830 want
874 2797 908 2830 no
922 2785 1024 2844 further
1041 2783 1129 2842 (πρὸς)

196 2848 305 2898 themt¹'
337 2848 389 2896 But
409 2848 492 2909 surely
510 2847 554 2894 the
573 2847 639 2895 inet-
689 2847 919 2896 witness.”—otx
939 2846 1034 2907 ἔκρινεν]
1057 2845 1131 2892 “Did

197 2912 297 2960 tention
308 2912 355 2959 hae
366 2912 473 2959 beenon
482 2911 526 2959 the
534 2911 638 2959 writer’s
689 2914 736 2959 not
751 2913 882 2971 prosecute
900 2909 1088 2970 (ἐταιρησεως);”
1102 2923 1130 2956 ee

197 2990 252 3023 own
273 2979 330 3036 pert
349 2978 376 3023 to
395 2975 439 3022 the
457 2989 534 3035 usage
552 2975 579 3022 ot
601 2978 638 3022 καὶ
688 2975 721 3023 he
733 2975 776 3022 did
788 2973 938 3021 Timarchus
947 2972 1002 3020 who
1012 2972 1034 3019 is
1046 2972 1130 3020 eubee·

198 3042 254 3096 πῶς,
276 3039 376 3099 though
394 3040 528 3086 Hermann
550 3038 639 3098 adopts
689 3037 1130 3098 quentlyelludedte——lrnnutre-

197 3102 240 3150 the
253 3117 322 3151 seme
333 3103 493 3151 translation.
527 3102 638 3150 Doneld-
688 3104 738 3165 ρον]
756 3102 810 3149 The
821 3099 957 3160 colloquial
967 3099 1059 3160 phrase
1068 3105 1084 3127 “
1092 3107 1130 3149 too

197 3167 265 3212 eon's
275 3167 388 3214 remarks
399 3167 428 3214 in
438 3167 483 3214 the
493 3168 602 3214 Journal
612 3166 643 3226 os
685 3169 759 3229 μεθ’
777 3164 875 3224 exeetly
890 3177 996 3224 eonveye
1012 3161 1057 3210 the
1073 3163 1131 3214 idee

196 3229 337 3292 Phitetoqy,
346 3230 401 3278 Vol.
414 3245 454 3277 111.
466 3245 491 3291 p.
503 3231 639 3286 nrt-215,
689 3231 715 3278 ot
726 3229 770 3276 the
781 3227 862 3276 Greek
873 3226 946 3275 word.
981 3229 1029 3275 τῶν
1044 3230 1132 3286 ἰταμῶς

196 3292 261 3340 have
277 3296 323 3340 not
337 3293 445 3342 indueed
459 3308 501 3341 me
514 3296 541 3341 to
552 3293 639 3341 eeneel
690 3293 875 3350 πολιτευομένων
898 3293 973 3350 (those
995 3294 1130 3351 ηο-α-Ιιιαα

196 3371 240 3416 my
250 3359 317 3404 note.
346 3357 400 3405 The
411 3358 560 3406 eossoeation
571 3359 598 3404 of
610 3357 640 3405 ἂν
690 3358 828 3413 statement
838 3354 957 3403 cherson.
970 3367 995 3414 p.
1004 3356 1050 3404 106
1061 3359 1074 3416 ὅ
1086 3356 1129 3404 68:

197 3419 318 3480 certainly
337 3419 396 3468 does
417 3424 463 3468 not
484 3435 560 3481 prove
582 3421 639 3468 that
691 3423 779 3478 ἰταμός,
792 3434 819 3466 ee
832 3419 1130 3480 1τηη1κηκικ6ι,α11οοιιι-

196 3483 241 3530 the
249 3486 366 3531 sentence
374 3484 537 3545 ἱερνιιαιίοι.
549 3486 637 3544 Oomp.
689 3485 733 3543 ing
744 3484 809 3530 stom
819 3483 864 3530 the
874 3485 930 3530 root
942 3485 1006 3531 ἱέναι.

196 3546 273 3596 Arist.
298 3546 384 3606 Equit.
407 3549 453 3598 773
476 3551 515 3597 καὶ
537 3551 587 3598 πῶς
608 3549 639 3596 ἂν
722 3547 867 3606 4115259.
901 3547 978 3607 Upon
988 3545 1032 3594 the
1043 3548 1132 3594 return

196 3613 253 3668 ἐμοῦ
262 3612 357 3669 μᾶλλόν
369 3629 397 3660 σε
407 3613 485 3673 φιλῶν
495 3611 514 3660 ὦ
523 3615 590 3672 Δῆμε
600 3614 639 3673 γέ·
690 3611 717 3658 ot
728 3609 772 3657 the
777 3613 837 3672 seret
848 3608 1132 3670 embasey‚1)emoethe·

196 3693 259 3724 νοιτο
270 3675 380 3735 τολίτηςς
689 3687 737 3723 nes
747 3673 775 3722 in
786 3672 832 3723 the
846 3673 926 3723 Boule
942 3671 1075 3734 expreeeed
1089 3672 1132 3723 hie
