2692 4168
233 245 295 306 104
395 185 400 204 t
541 241 861 307 DEMOSTHENIS

228 403 303 479 μαθ
329 403 413 490 αὑτῷ
436 403 469 468 ἐν
492 403 628 484 Θήβαις,
651 404 757 486 ἐπειδὴ
788 405 928 484 Θηβαῖοι
949 403 1027 490 πρὸς
1047 406 1094 490 τῷ
1112 411 1168 484 τήν

231 505 387 571 Βοιωτίαν
401 503 533 570 ἅπασαν
547 503 632 592 ἔχειν
646 504 699 570 καὶ
714 509 769 587 τῆς
783 503 922 570 Φωκέων
935 504 1042 592 χώρας
1057 507 1167 590 ἐγκρα-

229 611 291 676 τεῖς
312 604 471 689 γεγόνασι,
488 610 665 685 τηνικαῦτα,
680 607 722 677 είς
738 608 838 689 μέσας
858 607 914 678 τὰς
936 608 1050 690 Θήβας
1065 603 1170 673 καὶτὸ

228 711 293 772 τῶν
322 709 476 788 Θηβαίων
498 707 713 794 στρατόπεδον
733 709 882 791 βαδίζειν·
904 709 978 775 ἀλλ’
1001 707 1096 780 οὔτως
1119 709 1168 776 ἔκ·

229 815 317 896 φρων
336 809 375 891 ἦν
398 809 451 875 καὶ
474 809 547 881 ’ὅλος
572 810 650 897 πρὸς
670 815 714 898 τῷ
735 810 879 895 λήμματι
900 812 953 878 καὶ
973 817 1019 898 τῷ
1037 811 1169 896 δωροδο-

228 909 355 991 κήματι,
371 909 454 977 ὥστε
467 911 574 978 πάντα
587 917 688 978 ταῦτα
702 911 820 979 ἀνελὼν
833 914 888 979 καὶ
902 913 1043 1000 παριδὼν
1057 913 1166 1000 ᾤχετο.

160 1025 214 1080 128
294 1013 360 1078 Καὶ
383 1011 525 1080 τοιούτου
548 1019 603 1080 τοῦ
631 1014 817 1098 πράγματος
846 1014 945 1096 ὄντος,
976 1017 1023 1082 έτι
1051 1021 1168 1102 πολλῷ
1184 1040 1240 1094 140

230 1113 387 1200 δεινότεροι
402 1117 490 1180 ἐστιν
505 1112 526 1180 ἃ
542 1117 642 1182 ἐκεῖσε
662 1117 762 1182 ε’λθών
780 1117 980 1204 διεπράξατο.
1017 1117 1169 1184 ἁπάντων

229 1214 400 1302 γὰρ-ὑμῶν
428 1217 560 1282 τουτωνὶ
585 1217 639 1282 καὶ
663 1221 726 1283 τῶν
752 1217 863 1283 ἄλλων
885 1218 1074 1301 Ἀθηναίων.
1087 1219 1168 1287 οὕτω

229 1314 316 1379 δεινὰ
334 1317 387 1382 καὶ
406 1316 546 1404 σχέτλια
564 1318 742 1402 ἡγουμένων
758 1320 830 1389 τοὺς
846 1320 1067 1408 ταλαιπώρους
1078 1324 1167 1388 ‘miu-

230 1443 301 1504 χειν
319 1418 458 1493 Φωκέας,
474 1419 557 1485 ὥστε
577 1421 657 1504 μήτε
678 1420 748 1492 τοὺς
769 1422 804 1486 ἐκ
825 1427 881 1503 τῆς
898 1425 1019 1503 βουλῆς
1035 1422 1168 1507 θεωροῦε

229 1520 310 1602 μήτε
333 1520 402 1590 τοὺς
432 1521 625 1602 θεσμοθέτας
653 1520 696 1591 εἰς
721 1521 761 1586 τὰ
786 1523 893 1587 Πύθια
921 1523 1061 1610 πέμψαι,
1090 1522 1167 1589 ἀλλ’

230 1620 410 1703 ἀποστῆναι
431 1626 486 1702 τῆς
507 1623 644 1708 πατρίου
666 1623 801 1707 θεωρίας,
825 1623 913 1695 οὗτος
934 1625 978 1694 εἰς
1003 1623 1168 1691 τάπινίκια
1182 1656 1238 1709 141

229 1725 292 1788 τῶν
319 1723 515 1808 πραγμάτων
544 1725 597 1790 καὶ
625 1729 681 1790 τοῦ
710 1724 860 1808 πολέμου,
892 1724 914 1790 ἃ
943 1728 1083 1806 Θηβαῖοι
1112 1727 1167 1792 καὶ

230 1824 395 1896 Φίλιππος
415 1826 514 1910 ἔθυον,
532 1827 673 1893 εἱστιᾶτο
693 1824 793 1893 ε’λθῶν
810 1829 863 1893 καὶ
880 1828 1026 1894 σπονδῶν
1039 1835 1167 1919 μετεῖχε

229 1927 283 1992 καὶ
302 1926 409 2015 εὐχῶν,
431 1925 467 1999 ἃς
493 1928 547 1993 ἐπὶ
568 1935 632 1999 τοῖς
654 1933 715 1995 τῶν
735 1929 913 2018 συμμάχων
929 1933 992 1996 τῶν
1011 1928 1167 2019 ὑμετέρων

229 2027 351 2114 τείχεσι
384 2028 437 2093 καὶ
471 2028 562 2117 χώρᾳ
590 2029 642 2094 καὶ
676 2031 787 2101 ὅπλοις
816 2030 1024 2096 ἀπολωλόσιν
1053 2031 1165 2118 εὔχετο

229 2211 310 2272 οὕτως)
324 2209 350 2259 S.
384 2208 516 2257 Oontrerio
526 2222 610 2258 errore
625 2223 685 2258 mox
697 2211 756 2260 ὅλαι
772 2210 801 2260 Y.
814 2209 843 2258 Ο.
855 2225 876 2261 r.
888 2211 908 2259 t.
920 2225 945 2259 u.
957 2225 982 2258 v.
993 2209 1033 2258 uti
1044 2208 1166 2258 edebatur

229 2275 289 2322 unte
300 2273 392 2322 Rrrer.
425 2272 549 2323 Vicinot.

194 2387 199 2398 ,
278 2336 358 2398 ξ141.
394 2338 482 2399 χώραις
497 2351 518 2385 r.
536 2339 562 2387 et
576 2351 624 2387 reu.
641 2337 667 2388 S.
678 2338 708 2387 Y.
742 2337 799 2387 vid.
813 2341 827 2400 ᾖ
842 2337 881 2389 95,
915 2337 975 2387 Mox
991 2340 1075 2399 εὔχετο
1093 2336 1118 2388 S.
1133 2337 1164 2386 Y.

228 2507 294 2549 ιοιαε
315 2501 344 2548 iu
362 2505 479 2562 quaestu:
506 2503 558 2546 “eo
580 2497 673 2560 wholly
719 2498 784 2548 leuet
794 2499 839 2548 the
855 2501 923 2548 most
939 2499 1057 2561 probeble
1068 2499 1165 2558 eonjee·

227 2565 289 2612 bent
300 2578 370 2625 upon
381 2563 467 2624 gein.''
493 2565 622 2625 γίγνεσθαι
633 2563 672 2626 (or
721 2565 786 2620 ture,
803 2563 861 2612 thet
876 2564 921 2612 the
937 2563 1060 2612 omission
1078 2563 1104 2610 ol
1120 2563 1165 2611 the

228 2629 296 2686 εἶναι)
324 2629 382 2689 τρις
407 2645 453 2675 τινι
478 2629 524 2674 not
550 2627 669 2676 unusual.
722 2627 864 2676 Atheniens
875 2629 903 2675 ιο
915 2627 978 2676 send
988 2627 1055 2675 their
1071 2640 1165 2687 envoye

227 2692 294 2741 Plut.
305 2691 413 2740 Phaedr.
427 2706 453 2752 p.
465 2691 513 2739 249
524 2689 544 2738 (l
557 2691 613 2750 πρὸς
623 2693 672 2753 γὰρ
722 2693 750 2740 ιο
760 2690 805 2739 the
816 2705 960 2751 gemeuvvee
968 2691 1012 2739 the
1025 2705 1084 2752 very
1095 2704 1164 2739 oeen-

228 2759 321 2806 ἐκείνοις
337 2755 375 2836 ἀεί
393 2757 445 2804 ἐστι
459 2757 540 2834 μνὴμρ
556 2758 617 2836 nur&
634 2759 670 2803 δι·
724 2756 781 2804 sion
790 2755 874 2803 which
885 2770 946 2830 gave
956 2756 1006 2803 rise
1017 2757 1044 2802 ιο
1055 2754 1100 2803 the
1112 2768 1164 2802 em·

227 2821 672 2946 tthlztittli‘titltlt
721 2818 1165 2931 littlliltllhittlflti

227 2963 286 2998 vrrr.
301 2947 409 3009 Republ.
424 2963 450 3008 p.
466 2947 513 2996 567
529 2946 552 2994 A
568 2949 625 3008 πρὸς
640 2945 677 3008 τῷ
722 2947 850 3008 exemplet
861 2947 944 2995 which
953 2946 1014 2995 tend
1021 2949 1048 2994 ιο
1058 2945 1165 2994 confirm

229 3016 283 3061 καθ’
302 3014 391 3074 ἡμέραν
409 3010 584 3074 ἀναγκάζονται
605 3013 670 3069 εἶναι,
722 3011 766 3058 the
775 3010 879 3072 opinion
887 3011 945 3058 that
954 3010 998 3058 the
1006 3024 1092 3070 gemes
1101 3023 1165 3058 were

228 3075 329 3124 Phuedo
340 3091 364 3137 p.
374 3077 406 3124 84
417 3076 436 3124 (l
448 3075 505 3136 τρις
516 3077 551 3136 τῷ
561 3077 672 3138 εἰρημένῳ
723 3075 862 3123 celebrated
872 3075 954 3122 either
969 3074 997 3122 in
1012 3087 1123 3122 summer
1135 3088 1166 3122 or

228 3139 504 3202 λόγῳῆνιΣωκράτης,
723 3142 842 3187 autumn:
865 3139 935 3187 since
955 3138 976 3185 it
995 3152 1076 3186 seems
1097 3141 1166 3186 most

260 3205 334 3263 §llos
351 3204 545 3265 τοὺς..,θεωρούι]
557 3201 604 3252 See
610 3206 671 3252 note
722 3203 799 3265 likely
810 3203 867 3251 thet
878 3202 931 3250 this
939 3201 1073 3263 departure
1084 3201 1111 3248 oi
1121 3199 1165 3250 the

228 3281 262 3315 on
282 3270 295 3327 ἕ
312 3269 352 3317 72.
384 3267 484 3318 Thirlw.
507 3281 541 3316 v1.
565 3269 580 3316 5
602 3267 672 3317 “We
722 3266 866 3315 Atheniens
888 3267 953 3314 from
974 3265 1042 3313 their
1063 3265 1165 3314 ancient

227 3331 301 3379 know
310 3330 411 3378 neither
424 3331 469 3379 the
483 3332 555 3380 exeet
572 3331 630 3380 dete
645 3333 672 3380 oi
722 3333 821 3380 eustom
831 3344 883 3378 was
893 3330 938 3377 the
949 3329 1005 3377 first
1017 3327 1166 3378 intimetion

228 3395 273 3442 the
281 3395 396 3454 embuesy
406 3394 497 3456 [which
503 3394 619 3455 required
627 3395 672 3444 the
721 3395 783 3455 they
793 3394 844 3442 hed
854 3393 928 3453 given
940 3394 966 3440 oi
981 3393 1049 3441 their
1060 3393 1165 3453 disponi:

227 3458 320 3506 formal
342 3458 458 3506 sanction
477 3459 504 3506 oi
525 3459 623 3506 Athene
644 3461 672 3507 ιο
722 3459 778 3506 tion
797 3461 824 3506 ιο
841 3457 918 3517 reject
936 3457 980 3504 the
997 3461 1051 3506 eote
1073 3457 1100 3504 oi
1120 3455 1165 3504 the

228 3521 336 3584 Philip'e
358 3521 544 3570 admissiones
563 3537 597 3570 en
612 3523 671 3570 Am·
721 3521 915 3583 Amphictyonie
939 3521 1045 3578 nonnul,
1073 3520 1166 3581 pertial

228 3586 368 3648 phictyony
378 3601 427 3634 nor
436 3585 480 3634 the
492 3599 581 3634 eeuson
592 3587 619 3634 ol
629 3587 673 3636 the
723 3587 773 3635 und
789 3586 885 3634 violent
901 3600 929 3633 ue
948 3585 983 3634 ite
1001 3584 1165 3647 proeeedings

228 3649 673 3712 yeeretwhiehthePythiengemee
722 3649 873 3699 hedbeen.”
907 3650 954 3700 See
966 3650 1019 3698 eleo
1029 3664 1056 3698 n.
1069 3650 1092 3697 1.
1147 3695 1151 3703 ,

228 3729 293 3764 were
313 3714 381 3765 held.
420 3714 446 3764 It
467 3714 490 3764 ie
510 3712 623 3763 however
645 3717 672 3764 ut
754 3715 839 3776 §141.
872 3717 904 3765 etr
924 3713 1164 3777 τάτινικια...έλθιιν]
