2644 4156
685 247 705 310 6

224 401 393 485 πρεσβεία.
436 402 490 468 καὶ
518 401 589 468 τότε
618 400 770 490 φοβηθεὶς
797 401 815 468 ὁ
843 401 1009 489 Αίσχίνης,
1039 401 1162 482 μήποτε

224 503 325 583 με’νων
354 504 598 588 ὁΔημοσθέικγς
619 504 751 589 πέμψαι
773 504 878 571 πείσει
902 505 956 568 τὸν
979 503 1075 585 δῆμον
1096 510 1161 575 τοῖς

224 607 373 672 Φωκεῦσι
397 605 558 686 βοήθειαν,
582 606 852 691 προσεποιήσατο,
877 604 918 676 ιός
939 607 1027 689 λέγει
1055 611 1159 689 Δημο-

225 705 347 786 σθένης,
363 707 543 793 ἀρρωστεῖν.
580 708 633 774 καὶ
648 706 719 773 τότε
733 706 749 772 ό
765 707 899 790 ἀδελφὸς
912 708 1006 775 αὐτοῦ
1021 710 1160 791 Εὔνομος

146 819 206 897 338
224 807 321 888 ἦλθεν
336 809 418 898 έχων
437 810 544 894 ἰατρὸν
565 811 618 876 καὶ
641 809 760 892 ὀμνύων
777 807 826 876 ότι
844 811 1023 899 ἀρρωστεῐΙ
1043 812 1159 900 Αἰσχί-

225 940 284 993 νης.
319 915 372 979 καὶ
386 912 481 978 αὐτόν
493 913 547 979 τόν
565 912 703 992 Εὔνομον
718 911 788 978 ἀντὶ
802 911 914 977 τούτου
925 911 1159 1000 ἐχειροτόνησεν

224 1016 241 1078 ό
270 1017 365 1098 δῆμος
393 1015 603 1101 πρεσβευτήν.
647 1015 700 1080 καὶ
729 1015 933 1081 ἀπελθόντων
956 1016 1074 1081 τούτων
1096 1019 1159 1080 τῶν

224 1119 400 1204 πρέσβεων,
423 1116 463 1188 ὦς
485 1117 667 1195 κατέλαβον
688 1117 838 1195 Εὔβοιαν,
854 1117 1003 1200 ἤκουσαν,
1019 1119 1068 1183 ’ὁτι
1083 1121 1156 1184 Φω-

225 1221 295 1290 κέας
321 1221 563 1306 κατεστρέψατο
588 1220 604 1285 ό
627 1219 805 1298 Φίλιππος,
829 1220 882 1284 καὶ
909 1219 976 1300 μετ’
1005 1220 1157 1308 αἰσχύνης

223 1322 438 1410 ὑπέστρεψαν.
482 1321 636 1402 ἐλθούσης
661 1321 694 1386 δὲ
717 1325 773 1402 τῆς
795 1320 901 1406 τρίτης
918 1319 1093 1403 πρεσβείας
1115 1321 1157 1388 εἰς

224 1427 280 1506 τὴν
294 1425 445 1505 Ἀττικὴν
466 1425 623 1512 Αἰσχίνης
645 1422 938 1511 αύτοχειροτόνητος
959 1421 1156 1508 πρεσβευτὴς

224 1525 350 1607 ἀπῆλθε
363 1526 442 1613 πρὸς
456 1526 631 1604 Φιλιππου,
648 1524 687 1595 είς
701 1525 787 1607 λέγει
802 1523 1013 1607 Δημοσθένης.

286 1628 406 1695 Ἰστέον
429 1630 463 1695 δὲ
487 1629 535 1695 ότι
557 1633 639 1712 μετὰ
664 1628 721 1710 τὴν
745 1627 921 1715 πρεσβείαν
941 1627 1073 1697 ἕκαστος
1095 1631 1156 1692 τῶν

222 1729 391 1815 πρέσβεων
406 1729 531 1801 εὐθύνας
546 1731 654 1797 ἐδίδου.
699 1729 752 1794 καὶ
767 1729 786 1809 ἡ
800 1728 859 1811 μὲν
872 1729 983 1813 πρώτη
997 1729 1157 1815 πρεσβεία

223 1834 387 1917 παρέσχεν
403 1831 529 1902 εύθύνας
548 1829 628 1897 ούτω
646 1836 760 1910 καλῶς,
777 1829 858 1896 ὥστε
876 1831 930 1897 τόν
949 1831 1156 1913 Δημοσθένην

222 1933 351 2018 γράψαι
368 1933 503 1998 καλέσαι
522 1932 631 2002 αύτούς
647 1933 696 1997 ἐπ’
712 1931 851 2016 ἄριστον·
874 1931 944 2002 ἔθος
957 1931 1020 2019 γὰρ
1033 1932 1072 2013 ἦν
1086 1935 1156 2003 τούς

223 2039 327 2103 καλῶς
340 2030 665 2119 πρεσβευσαμένοις15
680 2033 722 2103 είς
738 2032 887 2111 δημόσιον
902 2033 1032 2120 ἄριστον
1052 2039 1155 2099 καλεῖ-

224 2135 308 2202 σθαι.
331 2137 488 2221 ἀποροῦσι
503 2135 536 2200 δέ
551 2162 631 2207 τινες
646 2134 726 2211 ότιω,
743 2135 771 2200 εἰ
785 2134 943 2215 ἠπίστατο
953 2135 1155 2217 Δημοσθένης

222 2238 271 2304 ’ότι
291 2239 445 2325 προδόται
466 2237 557 2321 ἦσαν,
572 2238 624 2304 διὰ
644 2238 678 2304 τί
698 2237 846 2319 ἐποίησεν
866 2234 975 2307 αὐτούς
1001 2237 1156 2316 κληθῆναι

222 2341 266 2411 εἰς
280 2339 430 2425 δημόσιον
445 2340 585 2427 ἄριστον·
606 2339 658 2404 καὶ
672 2338 806 2421 λέγομεν
819 2336 867 2402 ότι
881 2337 961 2418 μετὰ
974 2336 1011 2401 τὸ
1025 2337 1155 2424 ἄριστον

221 2443 300 2525 ἔγνω
322 2442 376 2509 τόν
398 2441 519 2508 σκοπὸν
538 2441 647 2507 αὐτῶν.
692 2444 753 2505 τῶν
773 2439 807 2504 δὲ
826 2443 881 2519 τῆς
900 2438 1042 2524 δευτέρως
1056 2465 1154 2523 πρεσ-

221 2547 312 2624 βείας
325 2545 418 2629 μόνος
430 2545 446 2610 ό
459 2543 662 2627 Δημοσθένης
677 2541 806 2607 δέδωκεν
821 2539 953 2609 εάθύνας.
983 2539 1155 2621 μέλλοντος

223 2647 256 2712 δέ
276 2654 333 2713 τοῦ
353 2647 511 2735 Αἰσχίνου
525 2648 678 2734 παρέχειν
696 2644 814 2722 ἐπέστη
836 2644 997 2730 Τίμαρχος
1017 2642 1069 2705 καὶ
1090 2645 1154 2720 Δη-

221 2749 376 2831 μοσθένης
391 2747 659 2833 κατηγορήσοντες
673 2745 794 2812 τούτου.
839 2744 892 2809 καί
906 2743 1022 2827 ᾔτησεν
1037 2743 1153 2829 Αἰσχί-

223 2881 276 2933 νης
305 2851 471 2939 ἀνάκρισιν
500 2850 656 2934 γενέσθαι,
687 2848 740 2915 καὶ
767 2848 935 2928 ’γενομένης
963 2843 1154 2929 ἀνακρίσεως

224 2953 319 3036 ἔδειξε
346 2953 511 3042 Τίμαρχον
539 2948 742 3034 ἡταιρηκότα,
773 2949 827 3014 καὶ
864 2947 1017 3028 ἐξέβαλον
1051 2944 1153 3012 αὐτόν·

223 3054 315 3137 νόμος
335 3055 396 3140 γὰρ
417 3055 456 3136 ἦν
476 3055 530 3120 τὸν
546 3050 738 3138 ἡταιρηκότα
750 3050 795 3131 μὴ
810 3048 1042 3114 πολιτεύεσθαι.
1086 3045 1154 3112 εἶτα

222 3154 342 3234 ἐπέστη
377 3155 602 3241 κατηγορήσων
630 3153 647 3218 ό
675 3151 888 3235 Δημοσθένης.
941 3149 994 3214 καὶ
1022 3147 1156 3229 λέγουσί

221 3282 309 3333 τινες,
332 3259 399 3326 πῶς
420 3257 556 3322 ἐνταῦθα
576 3256 731 3337 μέμνηται
753 3258 808 3336 τῆς
828 3255 935 3341 τρίτης
960 3254 1151 3337 πρεσβείας;

219 3355 353 3439 λέγομεν
378 3355 404 3422 δ’
429 3357 478 3421 ’ότι
501 3356 582 3440 μετὰ
604 3357 677 3443 τρία
702 3358 757 3436 έτη
783 3360 839 3437 τῆς
858 3358 983 3441 γραφῆς
1007 3354 1154 3436 εἰσῆλθεν

251 3583 307 3630 338.
336 3581 385 3646 (15)
404 3581 661 3631 “Debebafiseribere
709 3583 795 3630 turam
816 3583 925 3631 δτι...διὰ
941 3583 973 3631 τί.
1012 3581 1095 3630 Bm.
1119 3581 1154 3644 [et

215 3646 566 3762 κεκοίμητο
581 3647 659 3760 ,κ
709 3648 960 3772 :mazam
