2716 4146
408 214 469 278 DE
497 209 640 280 FALSA
668 215 931 282 LEGATIONE.
1077 218 1137 281 199

203 369 362 450 τραγικοῖς
387 365 544 451 ἐξαίρετόν
576 367 665 430 ἐστιν
699 365 807 450 ἅσπερ
840 367 934 452 γέρας
962 373 1026 439 τοῖς
1054 394 1139 454 τριτ-

201 469 392 550 αγωνισταῖς
414 463 450 529 τὸ
470 465 540 535 τοὺς
563 465 731 552 τυράννους
756 467 811 532 καὶ
836 468 907 536 τοὺς
928 467 970 532 τὰ
989 471 1139 554 σκῆπτρα

203 569 335 655 ἔχοντος
356 566 493 633 εἰσιέναι.
529 571 630 633 ταῦτα
648 567 753 633 τοίνυν
771 569 868 654 ἐντῷ
889 568 1026 653 δράματι
1039 569 1139 652 τούτῳ

203 671 374 756 σκέψασθε
389 669 404 734 ὃ
421 670 532 757 Κρέων
545 670 703 758 Αἰσχίνης
722 669 774 735 οἷα
793 673 895 751 λέγων
909 668 1081 750 πεποίηται
1096 673 1140 756 τῷ

203 774 328 856 ποιητῇ,
349 769 370 835 d
391 771 462 837 οὔτε
480 771 559 859 πρὸς
580 771 674 837 αὑτὸν
693 770 783 842 οὗτος
802 771 881 857 ὑπὲρ
897 775 952 853 τῆς
966 771 1140 858 πρεσβείας

201 873 351 962 ’διελέχθη
361 875 438 942 ,οὔτε
451 873 530 958 πρὸς
544 874 614 944 τοὺς
629 873 781 945 δικαστὰς
796 873 891 940 εἶπεν.
935 873 1029 957 Λέγε.

217 1102 414 1166 ΙΑΜΒΕΙΑ
434 1099 743 1201 ΣΟΦΟΚΛΕΟΥΣ
766 1101 825 1170 ΕΞ
848 1095 1124 1167 ΑΝΤΙΓΟΝΗΣ.

133 1264 190 1336 276
289 1251 453 1341 ἀμήχανον
474 1251 508 1317 δὲ
527 1252 644 1323 παντὸς
665 1250 773 1339 ἀνδρὸς
795 1253 940 1333 ἐκμαθεῖν

288 1354 403 1444 mliv
424 1381 459 1420 ’ίέ
480 1355 534 1420 καὶ
555 1355 702 1441 φρόνημα
723 1354 776 1420 καὶ
796 1353 931 1439 γνώμην,
955 1353 1032 1440 πρὶν
1053 1352 1092 1419 ἂν

251 1527 332 1588 §lib
367 1529 419 1577 “ed
441 1530 536 1579 τούτους
554 1526 651 1577 omisso
672 1529 752 1578 altero
771 1531 825 1579 τοὺς
842 1527 1005 1579 Valckenoer.
1026 1527 1135 1577 Diatrib.

204 1592 296 1653 Eurip.
319 1606 342 1653 p.
368 1592 415 1641 180
436 1593 558 1650 frustra‚’¹
580 1593 664 1640 Banu.
704 1593 802 1642 Mavult
823 1593 904 1642 Dono.
934 1593 987 1642 “vd
1014 1594 1138 1656 τυράννους

204 1660 245 1706 καί
261 1674 298 1706 cx.
318 1655 401 1704 tribus
419 1655 533 1704 articulis
551 1656 667 1704 deletis.'’
699 1655 756 1706 vid
777 1657 946 1704 not--Pro
965 1657 1042 1705 ταῦτα
1062 1658 1139 1704 τοίνυν

206 1723 240 1778 ἐν,
251 1723 329 1769 τοίνυν
342 1722 367 1768 ἐν
377 1735 397 1768 r.
431 1722 457 1768 ἐν
476 1723 552 1769 τοίνυν
567 1721 592 1768 k.
606 1719 678 1771 affl.
692 1719 733 1769 N.
753 1723 779 1769 et
795 1739 835 1784 γρ.
854 1721 884 1769 F.
901 1721 925 1770 S.
942 1720 970 1780 Q.
985 1721 1014 1770 Β.
1043 1719 1139 1769 Fraudi

205 1784 256 1834 fuit
266 1787 343 1834 ταῦτα
354 1785 476 1845 sequente
487 1786 532 1834 οία.
565 1783 624 1836 vid
635 1786 689 1834 not.
1008 1845 1012 1859 .

205 1951 228 2002 it
248 1950 272 2002 is
288 1965 304 2002 a
319 1951 413 2002 chosen
437 1952 557 2014 privilege
576 1965 605 2003 aa
626 1952 649 2001 it
698 1953 750 2014 ρίος
769 1952 913 2015 συγγράψας
924 1951 1096 2015 [Asclepiades
1111 1953 1142 2003 in

205 2031 270 2066 wera
295 2016 339 2091 lor
362 2015 497 2066 third-roto
518 2019 600 2066 cotors
621 2019 649 2066 to
699 2018 911 2078 Τραγῳδουμένοις,
948 2016 1081 2091 according
1112 2019 1141 2066 to

207 2079 480 2194 utentes
496 2081 648 2208 ίξίίὲἓὲίῗ
698 2079 884 2193 lisele}
901 2081 1141 2206 theth&

207 2209 283 2258 tres.”
318 2207 409 2257 Thom.
421 2209 486 2270 Mag.
498 2223 524 2270 p.
536 2211 582 2262 273
601 2211 648 2271 (re
698 2208 747 2258 456
760 2209 791 2267 Β,
811 2209 879 2257 Plut.
898 2207 950 2258 Vit.
964 2223 988 2257 x.
1004 2209 1072 2260 Orat.
1092 2211 1140 2261 837

207 2271 372 2334 lerredtoby
383 2271 512 2335 Schaefcr)
524 2274 598 2338 εἰσῄει
607 2275 649 2324 τὸν
700 2271 728 2331 Ο,
753 2273 805 2322 and
828 2273 862 2334 by
880 2272 925 2321 the
950 2273 1141 2323 Gremmosiana

208 2338 378 2400 Ἀγαμέμνονα
397 2339 437 2385 καί
454 2339 528 2388 ὑπέδυ
549 2341 649 2388 κάλλιον
699 2337 853 2399 constantly]
871 2337 909 2386 ted
919 2339 990 2386 τοῦτο
1000 2341 1050 2388 τοῖς
1060 2357 1140 2402 τριτα-

209 2401 241 2450 dv
258 2404 332 2451 είποις
351 2400 367 2460 ἢ
388 2403 508 2463 ὑπεκρίθη.
534 2401 648 2451 Whence
698 2403 824 2462 γωνίαταις
855 2402 899 2450 τοίς
932 2403 1064 2464 ὑποκρίσεις
1093 2402 1141 2451 τῶν

208 2479 245 2514 we
266 2465 339 2513 leam
351 2463 409 2512 that
428 2468 523 2514 εἰσιέναι
538 2463 587 2514 has
602 2465 649 2514 the
699 2463 886 2514 δυναστευόντων
892 2467 1048 2525 παρέχεσθαι,
1057 2467 1140 2526 ἐπειδὴ

206 2528 649 2590 prcymntforce(alludedtoolten
698 2528 773 2587 ἧττόν
799 2531 852 2578 ἐστι
879 2528 1002 2588 παθητικὰ
1029 2532 1068 2578 καί
1098 2531 1140 2591 [τοί

207 2591 343 2642 informer
352 2594 435 2654 notes)
448 2593 650 2642 οίιοιαίιναιιιί
699 2592 802 2654 Tayler]
825 2592 955 2653 ὑπέρογκα.
988 2593 1030 2641 He
1057 2592 1139 2660 might

209 2663 280 2706 occet
295 2657 334 2704 ίίια
345 2663 421 2718 part:
438 2658 556 2706 ιἰιίναιιιίο
567 2672 648 2718 acere,
699 2655 764 2704 have
787 2655 875 2715 added,
895 2657 1003 2705 beccuso
1022 2657 1084 2718 they
1098 2671 1140 2707 are

209 2718 536 2769 asMarklandunderstood
544 2721 573 2778 it,
582 2735 650 2769 com·
700 2721 769 2768 citen
780 2728 864 2769 mutes.
883 2721 930 2770 Sec
940 2721 1068 2770 Plutarch.
1081 2720 1136 2774 Ta.

209 2784 300 2846 poring
310 2787 403 2832 οαίιανο
421 2785 539 2847 Cyclopa,
555 2785 617 2833 Hor.
630 2799 649 2834 1.
699 2799 725 2846 p.
737 2785 819 2834 4461)
831 2788 856 2834 ἐν
873 2787 1015 2848 τραγῳδίαις
1035 2787 1141 2836 ἐπιεικῶς

210 2848 263 2910 Sat.
277 2863 301 2898 v.
316 2849 355 2906 63,
365 2848 448 2896 where
460 2862 501 2896 see
512 2848 646 2898 Heindorf.
700 2851 823 2912 συμβαίνει
847 2853 900 2912 περὶ
923 2852 977 2898 τοὺς
1004 2849 1139 2910 ὑποκριτάς,

208 2911 284 2962 Were
304 2911 327 2961 it
345 2913 391 2960 not
412 2911 528 2962 however
543 2913 583 2960 ior
604 2913 650 2961 the
700 2913 743 2962 τὸν
758 2916 801 2973 μὲν
817 2911 925 2975 α’γγέλου
948 2915 1010 2963 τινὸς
1031 2913 1047 2973 ἢ
1070 2915 1140 2978 θεροί-

210 2975 412 3031 Grammcrian'a
430 2977 576 3038 testimony,
593 2977 650 3024 who
701 2995 786 3027 ποντος
805 2979 948 3036 ἐπικείμενον
962 2979 1090 3038 πρόσωπον
1105 2981 1140 3026 εὐ-

182 3061 184 3071 ·
210 3040 263 3088 hed
283 3040 407 3102 probably
423 3054 543 3101 passages
565 3041 650 3089 before
701 3044 802 3100 δοκιμεΐν
812 3045 851 3090 καί
869 3045 1087 3106 πρωταγωνιστεῖν,
1100 3060 1142 3092 τον

210 3103 252 3152 hie
264 3117 309 3166 eye
327 3105 394 3153 from
410 3104 516 3153 authors
530 3107 576 3153 not
594 3119 651 3153 now
701 3109 727 3154 δὲ
738 3107 839 3165 διάδημα
848 3107 886 3154 καί
894 3108 1014 3169 σκῆπτρον
1025 3109 1143 3170 φοροῦντα

211 3169 307 3224 extant,
319 3168 333 3216 I
345 3168 437 3216 should
451 3168 517 3218 have
534 3168 652 3217 assented
700 3173 760 3229 μηδὲ
768 3169 895 3218 ἀκούεσθαι
906 3172 1143 3233 φθεγγόμενον.-

211 3233 239 3279 to
265 3231 440 3282 Valckeneor's
479 3233 651 3292 emendation,
700 3235 779 3282 ταῦτα
806 3235 882 3282 τοίνυν
905 3235 992 3296 wau]
1038 3235 1142 3286 “These

210 3293 268 3342 who
287 3295 418 3358 obviously
434 3296 590 3345 understood
606 3296 652 3344 the
701 3296 767 3344 lines
778 3296 841 3344 then
852 3298 881 3344 in
896 3297 949 3346 this
963 3299 1067 3358 Drama,
1080 3315 1138 3349 con·

210 3358 292 3406 words
307 3361 335 3408 to
351 3374 440 3410 meon:
459 3362 510 3408 “to
527 3363 600 3409 enter
618 3375 653 3409 on
702 3360 769 3409 sidet
793 3360 851 3408 how
872 3362 994 3410 excellent
1015 3363 1077 3425 they
1099 3379 1143 3414 ore

211 3423 256 3471 the
281 3424 351 3483 stage
375 3439 403 3472 oe
425 3423 507 3485 kings,
532 3427 606 3485 ίιο.,”
622 3423 653 3474 in
702 3425 760 3473 thot
777 3423 1007 3475 Oneon-Aeschines
1022 3426 1046 3475 is
1061 3428 1141 3476 intro·

211 3486 296 3534 which
308 3487 371 3535 view
392 3487 419 3536 ot
439 3488 484 3536 the
504 3488 652 3550 expression
702 3488 1140 3552 ducedbythePoetesspealdng.”

211 3553 338 3611 τυράννους
346 3550 652 3612 beingapredc'cotemust
702 3552 1142 3612 Αοςοίνίρεεοίοοανςοίιοᾱοοοοίοᾱ

211 3613 364 3674 necessarily
374 3613 405 3662 be
416 3618 573 3665 ααατίίινοαι.
601 3617 652 3664 Un-
703 3617 770 3678 King
779 3617 873 3669 Creon:
884 3619 1071 3668 Demosthenes
1079 3619 1142 3668 cells

212 3679 653 3744 νυνιλέγειὸτὰιθεατρικοίςίατο·
702 3680 768 3740 him,
784 3681 816 3732 de
832 3682 921 3734 Oorou.
946 3697 971 3744 p.
995 3684 1041 3736 307
1057 3686 1070 3745 ἓ
1086 3683 1143 3747 242,
